1950 3300
304 125 523 182 caerulum.
541 126 591 181 III.
609 127 634 182 5.
835 131 871 186 37

61 270 97 324 In
108 267 268 337 lapicidinas
279 267 362 320 facite
376 265 508 321 deductus
521 267 588 321 siet:

62 342 158 408 Atque
169 340 243 392 hunc
256 340 294 392 ita
305 355 348 391 mc
360 338 439 404 velle,
453 337 543 406 dicite,
555 337 683 404 curarier,

61 408 109 464 Ne
123 411 168 478 qui
182 408 301 462 deterius
316 408 377 460 huic
391 408 433 474 sit,
446 425 526 475 quam
538 409 599 477 quoi
617 424 743 478 pessume
756 416 806 464 est
833 411 869 466 80

102 481 189 553 {dissid
203 480 258 533 Cur
266 496 328 550 ego,
338 485 366 531 te
375 478 466 544 invito,
475 496 518 532 me
528 496 590 532 csse
601 480 703 534 salvom
714 482 868 549 postulem?

60 551 221 605 Periculum
232 551 292 604 vitre
306 565 372 602 meae
386 556 441 603 stat
451 557 498 602 tuo
510 549 639 618 periculo.

59 623 139 688 Post,
150 629 272 686 mortem,
285 619 313 672 in
324 627 410 673 morte
423 619 490 673 nihil
502 626 553 686 est,
564 619 635 688 quod
647 628 772 690 metuam,
784 624 865 681 mali:

60 693 128 748 Etsi
140 694 247 761 pervivo
259 706 344 759 usqne
357 689 391 742 ad
404 707 533 743 summam
546 697 662 758 etatem,
675 699 767 746 tamen

59 765 153 818 Breve
165 763 280 831 spatium
292 767 335 814 eet
346 759 510 828 perferundi,
521 777 579 829 que
592 760 700 816 minitas
711 762 783 817 mihi.
833 765 869 820 85

59 835 135 888 Vale
147 839 227 901 atque
239 832 330 899 salve;
347 831 408 896 etsi,
421 831 500 885 aliter
512 838 542 884 ut
554 830 650 895 dicam,
663 850 761 889 meres.

58 904 116 972 Tu,
128 903 344 972 Aristophontes,
357 900 391 954 de
404 918 447 955 me
459 908 490 955 ut
501 902 632 964 meruisti,
644 903 683 956 ita
695 903 755 958 vele
770 922 778 972 3

58 975 137 1031 Nam
148 974 213 1027 mihi
224 979 333 1043 propter
345 978 373 1026 te
385 970 438 1025 hoc
451 971 558 1042 obtigit.

97 1046 174 1114 Heg.
629 1042 775 1098 Abducite.

100 1115 189 1188 Tynd
208 1114 247 1167 At
259 1129 341 1166 unum
352 1111 404 1166 hoc
425 1129 525 1182 queso,
543 1111 567 1166 si
584 1112 638 1166 huc
657 1113 758 1169 rebitet
774 1113 865 1171 Philo·

167 1191 258 1238 crates

56 1255 101 1312 Ut
112 1255 178 1310 mihi
190 1257 249 1326 ejus
259 1222 345 1306 lacios
358 1251 538 1306 conveniundi
550 1252 663 1318 copiam.
830 1256 867 1312 90

95 1327 170 1397 Heg.
181 1323 312 1390 Periistis‚
321 1324 373 1376 nisi
385 1323 456 1376 hunc
465 1326 522 1394 jam
534 1340 550 1376 e
563 1329 713 1393 conspectu
724 1325 866 1382 abducitis.

98 1395 188 1478 Ίξψιιί.Ι
199 1395 249 1519 11ιί3
260 1394 319 1448 hec
332 1394 448 1462 quidem,
460 1392 561 1461 hercle,
571 1401 621 1462 est,
633 1402 662 1449 et
673 1395 743 1449 trahi
753 1403 783 1451 et
793 1397 866 1452 trudi

167 1483 217 1520 sun
247 1503 255 1518 .
566 1481 567 1487 ¹

95 1536 168 1607 Heg.
187 1537 246 1590 Illic
267 1541 312 1588 est
333 1532 465 1588 abductus
482 1534 599 1588 rectain
610 1534 762 1607 phylacam,
774 1543 806 1593 ut
825 1537 866 1592 di-

187 1624 237 1661 nus
250 1612 302 1658 cst.

55 1678 123 1749 Ego
136 1625 189 1731 illg
201 1676 330 1746 capteivis
343 1673 402 1728 aliis
412 1674 603 1728 documentum
612 1674 689 1743 dabo,

55 1749 106 1804 Ne
119 1748 175 1802 tale
187 1748 326 1817 qnisquam
338 1745 444 1800 facinus
455 1744 574 1814 incipere
587 1745 695 1801 audeat.
829 1749 866 1804 95

57 1817 141 1882 Quod
155 1819 257 1887 ubsque
270 1817 321 1870 hoc
334 1823 416 1882 esset,
429 1815 473 1882 qui
485 1816 549 1869 mihi
563 1817 615 1870 hoc
629 1815 696 1872 fecit
707 1817 804 1888 polam,

56 1890 154 1959 Usque
167 1889 327 1943 offrenatum
339 1887 395 1941 suis
408 1903 451 1940 me
464 1885 608 1940 ductarent
620 1887 696 1942 dolis.

56 1959 143 2015 Nunc
155 1968 261 2013 certum
273 1964 316 2011 est
327 1956 394 2010 nulli
405 1963 467 2026 post
477 1957 536 2010 haec
549 1956 693 2025 quidquam
704 1959 827 2015 credere.

56 2029 134 2084 Satis
146 2047 207 2084 sum
217 2028 303 2084 semel
316 2027 456 2095 deceptus.
492 2027 605 2097 Speravi
622 2027 707 2084 miser

56 2101 244 2154 Exservitute
256 2114 299 2154 me
312 2098 449 2152 exemisse
462 2097 554 2152 filium.
812 2101 864 2156 100

56 2171 100 2225 Ea
112 2187 177 2240 spes
190 2171 284 2240 elapsa
295 2176 346 2222 est.
381 2167 492 2222 Perdidi
503 2185 586 2222 unum
595 2168 688 2238 filium,

57 2241 179 2296 Puerum
191 2241 366 2310 quadrimum,
377 2255 458 2307 quem
469 2238 534 2292 mihi
546 2256 639 2294 servos
651 2241 769 2309 surpuit:

57 2311 158 2379 Neque
173 2312 246 2366 enim
257 2327 363 2366 servom
376 2326 494 2379 unquam
505 2311 604 2379 reperi,
616 2326 705 2379 neque
718 2311 818 2365 filium:

56 2381 148 2452 Major
158 2384 259 2452 potitus
272 2380 389 2436 hostium
402 2387 452 2434 est
490 2378 571 2443 Quod
582 2380 635 2434 hoc
647 2388 691 2434 est
702 2381 812 2436 scelus!

58 2452 149 2514 Quasi
161 2453 190 2506 iu
201 2453 342 2508 orbitatem
353 2450 454 2505 liberos
465 2450 644 2520 produxerim.
810 2455 863 2511 105

58 2522 182 2591 Sequere
194 2523 263 2576 hac:
282 2520 410 2576 reducam
422 2527 459 2588 te,
472 2521 518 2574 ubi
530 2519 613 2575 fuisti.
649 2521 775 2578 Neminie

58 2591 186 2648 Misereri
198 2600 303 2648 certum
313 2599 364 2658 est,
376 2589 439 2661 quia
449 2592 503 2646 mei
515 2591 626 2646 miseret
637 2593 782 2649 neminem.

90 2663 176 2718 vivait.
194 2662 374 2733 Exauspicavi
386 2679 423 2716 ex
433 2662 531 2717 vinclis
540 2678 636 2718 :nunc
650 2663 790 2736 intellego,

10 2794 13 2809 ‚
59 2731 316 2807 Redauspicandum
328 2749 390 2789 esse
402 2733 431 2788 in
442 2739 555 2790 catenas
566 2733 666 2790 denuo.

336 2912 355 2968 4
