1950 3300
314 125 532 181 CAPTEIVEI.
549 125 601 181 111.
618 125 644 180 4.
848 127 885 183 33

78 266 195 322 Fuistin’
206 265 297 322 liber?

117 339 206 409 Qud.
296 337 356 392 Fui.

112 408 197 462 Arist
348 409 491 463 Enimvero
502 426 557 462 uon
569 408 635 462 fuit:
654 426 741 480 nugas
756 410 820 480 agit.
847 410 883 464 95

117 479 204 550 Tynd.
223 479 280 539 Qui
291 486 322 560 tu
334 480 409 533 seis?
427 497 462 533 au
470 489 500 533 tu
513 478 628 533 fortusse
641 480 716 534 suisti
727 497 794 535 meae
804 481 882 534 matri

75 619 138 680 Qui
149 617 177 671 id
186 550 387 674 iirsrieriiriixricter
399 621 492 674 dicere
505 619 612 673 audes?

113 689 197 742 Amat.
572 691 689 744 Puerum
702 698 729 744 te
741 689 796 744 vidi
808 706 884 759 puer.

118 759 207 831 Qud.
227 765 263 816 At
273 778 329 884 ebgo
341 768 369 814 te
383 760 463 815 video
483 761 567 831 major
587 761 729 831 majorem:
748 761 810 816 hem
827 778 884 815 rur·

77 900 174 954 Meam
186 849 245 956 iiiii
256 842 409 1014 rissori'cures,
418 902 443 957 si
454 908 530 955 recte
543 900 638 955 facias.
674 901 749 956 Num
758 919 811 974 ego
819 919 884 956 euro

115 979 304 1149 Hg.thaffithe
322 1043 384 1098 huic
405 1049 483 1113 pater
501 1041 885 1167 Thesaurochrysouicoehrgfi

114 1113 281 1237 Anhtffliiihn
299 1184 363 1238 fuit:
381 1201 470 1252 neque
490 1201 544 1255 ego
562 1186 633 1240 istuc
653 1200 754 1239 nomeu
765 1115 884 1253 uuqulam

186 1255 275 1308 audivi
287 1263 350 1309 ante
360 1255 430 1309 huuc
444 1254 523 1308 diem.

77 1321 224 1378 Philocrati
237 1324 477 1380 Theodoromedes
490 1326 541 1380 fuit
551 1334 638 1396 puter.

118 1394 204 1465 Ίξψιά.
681 1395 772 1450 Pereo
783 1396 876 1465 probe.

77 1464 158 1526 Quin
176 1467 294 1589 ᾳὲἱεέοἰε
316 1466 464 1522 dierectum
484 1466 659 1522 cormeum?
693 1467 716 1535 Ι,
727 1485 759 1520 aa
771 1484 885 1537 suspen·

78 1604 124 1658 Tu
137 1554 289 1672 substiltrih3
307 1623 361 1678 ego
373 1608 455 1662 miser
466 1608 512 1662 rix
524 1609 601 1662 adsto
612 1624 665 1677 prae
678 1607 829 1661 formidine.

115 1677 187 1748 Heg.
205 1679 298 1731 Sati'n'
310 1679 380 1732 istuc
393 1679 459 1733 mihi
477 1680 639 1755 exquisitum
651 1686 702 1747 est,
714 1678 799 1734 fuisse
811 1677 884 1732 hune

185 1766 291 1803 servom
303 1749 331 1803 iu
344 1749 446 1803 Alide?
831 1749 884 1804 105
961 1807 964 1811 ,

78 1815 181 1885 Neque
194 1836 256 1873 esse
267 1819 341 1874 huna
353 1819 533 1875 Philocratem
545 1819 558 1874 Ρ

113 1887 198 1942 Arioi.
425 1891 496 1974 Tum
509 1890 884 1972 satie,quumnunquamhoe

483 1978 606 2016 ruvenroo
618 1977 709 2016 secus.

78 2028 136 2083 Sed
150 2029 196 2083 ubi
207 2029 231 2084 is
244 2047 315 2085 nuno
333 2033 394 2085 est?

114 2099 186 2172 Heg.
403 2101 457 2156 Ubi
472 2120 525 2173 ego
536 2102 663 2170 minume,
673 2108 753 2171 atque
766 2104 840 2173 ipsus
852 2119 883 2156 ee

453 2173 510 2227 volt
519 2190 652 2229 maxume.

78 2240 151 2294 Tum
163 2240 246 2310 igitur
258 2258 312 2312 ego
325 2241 527 2312 der-uncturus,
537 2245 694 2297 deartuatus
707 2259 766 2296 sum
779 2243 861 2297 miser

78 2312 169 2382 Hujus
182 2311 292 2366 scelesti
304 2314 429 2381 technie;
447 2316 492 2384 qui
512 2332 565 2381 me,
587 2321 617 2368 ut
636 2312 750 2367 lubitum
770 2320 822 2380 est,
835 2313 884 2368 du-

185 2384 269 2436 ctavit
280 2383 359 2437 dolie.

77 2450 135 2506 Sed
149 2450 269 2507 videsis.

112 2521 198 2577 Arsai.
297 2525 374 2648 Quiri}
386 2525 552 2595 exploratum
565 2523 634 2591 dico,
647 2530 676 2579 et
687 2525 821 2595 provisum
833 2524 886 2650 11]οὸ

337 2597 357 2650 ti
376 2596 394 2649 i.
852 2599 865 2650 l

114 2662 185 2745 Heg.
205 2664 338 2720 Certou’?

113 2733 191 2788 Arent
358 2736 434 2798 Quin
447 2736 522 2802 nihil,
535 2738 651 2804 inquam,
663 2736 785 2790 invenies
796 2735 885 2807 magia

404 2807 456 2861 hoo
469 2815 545 2861 certo
557 2809 667 2861 certius.

80 2874 248 2930 Philocrates
262 2878 319 2947 jum
331 2877 394 2932 inde
406 2895 492 2947 usque
506 2880 609 2933 amicus
630 2878 684 2933 fuit
693 2875 763 2930 mihi
772 2892 890 2944 uouere

202 2965 257 3000 uer.

102 3015 172 3086 ff‘d'·
179 2965 252 3071 pfled
264 3037 317 3089 qua
331 3021 406 3080 facie
421 3031 467 3081 est
478 3029 548 3081 tuus
560 3009 895 3081 sodaliellihooratea’i
