1950 3300
312 130 526 188 CAPTEIVEI.
543 131 578 187 V.
596 133 621 187 4.
707 125 720 133 ⁶
831 132 868 186 49

61 275 120 337 Qui
133 276 198 330 mihi
209 273 352 344 peculiaria
365 273 484 329 datu‘st?

95 347 161 400 »siud
499 344 573 411 Istic,
585 342 664 415 hujus
676 345 756 399 filius.

95 418 166 488 Heg.
184 416 294 471 Vivitne
307 416 330 468 is
343 415 443 469 homo?

95 489 162 542 διαί.
277 491 430 556 Argentum
443 486 553 554 accepi:
571 485 609 538 nil
621 485 713 539 curavi
726 491 863 541 caeterum.

95 560 165 640 Heg.
185 557 258 620 Quid
269 564 299 611 tu
311 557 370 610 ais?

94 630 197 683 Philon.
374 627 455 750 Quipl
463 626 524 680 istic
536 625 632 696 ipsu'st
643 626 788 696 Tyndarus
800 635 864 682 tuus
879 639 882 645 '

457 715 507 763 ius,

57 771 99 826 Ui
110 769 218 839 quidem
238 768 282 821 hic
304 776 463 837 argumenta
483 768 616 836 loquitur:
635 783 697 823 nam
716 769 739 822 is
755 786 864 824 mecum

164 858 180 893 a
192 857 275 909 puero
288 856 355 908 puer

56 913 135 968 Bene
148 911 300 980 pudiceque
313 908 466 963 educatu’st
478 925 562 976 usque
577 909 610 962 ad
623 909 844 964 adolescentiam.

93 984 164 1053 Heg.
182 981 219 1033 Et
230 980 310 1034 miser
328 997 396 1047 sum,
409 987 437 1034 et
456 979 617 1048 fortunatus,
629 981 652 1034 si
672 999 719 1036 vos
739 998 806 1036 vera
823 980 863 1034 di-

164 1052 233 1105 citis.
828 1052 864 1106 16

56 1123 99 1177 Εο
111 1123 193 1176 miser
204 1139 272 1188 auin,
285 1121 346 1189 quia
364 1121 434 1174 male
445 1119 485 1174 iili
497 1119 560 1185 feci,
572 1121 595 1175 si
609 1126 708 1192 gnatus
721 1121 826 1176 meu’st.

56 1193 151 1248 Eheu!
171 1210 219 1247 cur
231 1209 285 1263 ego
297 1191 357 1261 plue
375 1191 496 1245 minusve
510 1189 572 1257 feci,
584 1209 665 1260 quam
676 1209 780 1260 equum
790 1191 861 1248 fuit?

56 1264 141 1327 Quod
165 1263 235 1317 male
260 1263 322 1330 feei,
346 1262 468 1316 crucior:
494 1262 582 1329 modo,
603 1264 626 1316 si
650 1263 781 1318 infectum
801 1264 862 1321 fieri

163 1334 264 1403 possiet
273 1338 280 1384 ἱ

56 1404 123 1471 Sed,
139 1422 242 1470 eccum,
263 1403 367 1459 incedit
386 1403 440 1458 hue
462 1409 571 1456 ornatus
590 1402 663 1459 haud
681 1420 717 1460 ex
734 1404 791 1460 auis
810 1405 861 1459 vir·

162 1476 274 1529 tutibus.
537 1497 538 1500 ¹
825 1476 862 1531 20

188 1688 351 1745 ACTUS
378 1688 420 1742 V.
464 1686 627 1743 SCENA
658 1687 724 1743 IV.

171 1831 344 1885 Tuunuiius.
380 1830 487 1884 Hnuio.
524 1829 741 1886 Pninocniinus.

366 1903 553 1956 Saenianus.

91 2043 179 2166 synapi.
198 2042 261 2096 Vidi
275 2059 331 2114 ego
342 2044 426 2098 multe
437 2061 509 2115 noepe
527 2045 608 2114 pieta,
627 2062 685 2115 quae
708 2030 861 2101 Aeherunti

55 2121 264 2309 Cruciepiililiiit:
295 2202 387 2239 verum
417 2185 554 2240 enimvero
577 2184 652 2240 nulla
681 2186 792 2256 adaque
817 2193 861 2242 est

55 2327 145 2395 Atque
167 2272 349 2397 uiieiiis'ui
369 2327 398 2381 in
416 2326 577 2396 lapicidinis.
612 2325 671 2381 iui0
693 2326 730 2382 ibi
751 2327 860 2383 demum

54 2465 107 2519 Ubi
120 2397 354 2521 labiisiialiacsliiiudo
367 2476 410 2523 est
421 2447 507 2522 imnis
520 2466 659 2538 exigunda
671 2482 706 2520 ex
718 2485 840 2539 corpore.

55 2537 134 2604 Nam,
147 2538 193 2614 ubi
214 2537 261 2624 illu
279 2540 385 2607 adveni,
398 2539 475 2608 quasi
496 2539 614 2608 patriciis
635 2538 726 2606 pueris
739 2548 785 2594 aut
802 2559 859 2596 mo·

34 2733 39 2739 ,
55 2678 110 2732 Aut
129 2609 294 2745 anpppp’lpsst
305 2681 460 2734 coturnices
473 2681 577 2748 dantur,
591 2680 698 2748 quicum
710 2680 824 2737 lusitent
834 2615 859 2749 35

54 2746 150 2802 Itidem
159 2750 222 2874 ppetp
234 2751 300 2875 psithi
317 2751 473 2806 advenienti
491 2768 588 2822 upupa,
598 2751 643 2821 qui
655 2767 698 2804 me
713 2752 858 2820 delectem,

55 2886 109 2943 seu
128 2889 211 2945 herus
234 2909 330 2948 eccuni
349 2899 411 2949 ante
425 2893 532 2965 ostium,
544 2900 575 2948 et
586 2893 669 2949 uetus
680 2892 751 2947 alten
761 2909 869 2946 eanum

46 3027 147 3086 Rem
157 2977 193 3016 ex
203 2962 286 3019 Alide
