1950 3300
304 143 524 202 CAPTEIVEI.
542 146 577 202 V.
596 145 621 201 1.
831 143 868 200 45

55 287 254 411 Parasitpsque
268 286 380 356 omneis,
392 288 479 357 etqui
499 287 612 359 posthac
624 302 729 343 coenam
741 286 867 358 parasitis

56 429 160 485 Clades
181 359 385 497 ddldmitasque,
403 428 579 499 intemperies
599 428 679 483 modo
698 428 727 483 iu
745 436 867 484 nostram

164 500 275 554 advenit
288 499 403 553 domum.

55 570 149 634 Quasi
168 571 248 639 lpuus
269 570 402 637 esuriens,
421 571 506 625 metui
524 587 559 623 ne
580 568 609 622 in
629 587 673 624 me
691 569 799 626 faceret
817 571 866 624 im·

55 648 331 781 Nimisqldtulle'rcle,
351 727 404 782 ego
425 711 500 764 illum
518 711 589 765 male
610 711 802 768 formidabam:
827 713 866 766 ita

164 782 306 836 frendebat
318 782 453 835 dentibus.
848 784 866 836 5

56 853 217 908 Adveniens
231 852 384 906 deturbavit
394 859 480 907 totum
493 870 554 906 cum
567 868 649 907 carne
670 853 830 907 carnarium.

56 925 193 1047 Arripuitl
215 922 354 1047 ξὲιὶιὲἰίιιιιις
383 922 575 993 praetruncavit
600 923 685 977 tribus
712 925 867 994 tergoribus

57 1065 147 1120 Aulas
160 1011 314 1134 daddesq'ue
327 1063 430 1119 omneis
442 1062 587 1135 confregit,
599 1063 652 1118 nisi
663 1080 721 1132 quae
732 1063 866 1136 modiales

56 1140 391 1275 Cocumedearnddntabatur,
404 1211 551 1274 possentne
563 1204 642 1258 serie
656 1203 819 1258 fervescere.

56 1277 151 1334 Cellas
162 1274 279 1346 refregit
290 1277 394 1329 omneis
406 1275 487 1341 intus,
498 1274 663 1351 reclusitque
676 1275 828 1329 armarium.

55 1350 208 1403 asservare
231 1346 330 1412 istunc,
360 1347 446 1415 sultis,
470 1347 550 1400 servi.
595 1345 656 1417 Ego
674 1346 727 1413 ibo,
754 1353 783 1399 ut
801 1363 867 1400 cou-

164 1417 271 1471 veniam
285 1432 389 1470 senem.
831 1417 864 1470 11

56 1486 273 1612 Dicam‚vrppestibi
285 1504 385 1557 penum
405 1487 477 1543 aliud
501 1493 587 1554 ornet,
599 1484 731 1554 siquidem
743 1502 806 1540 sese
824 1486 866 1541 uti

56 1626 141 1695 Nam,
152 1627 197 1682 hio
220 1626 328 1696 quidem
339 1633 370 1682 ut
382 1627 504 1697 adornat,
524 1636 572 1683 aut
585 1627 642 1699 jam
662 1625 730 1680 nihil
748 1633 799 1696 est,
818 1634 867 1683 aut

160 1699 218 1770 jam
230 1697 297 1753 nihil
315 1697 375 1753 erit.

218 1909 379 1966 sorus
407 1911 447 1966 v.
491 1885 654 1968 sesua
679 1910 708 1967 1.

136 2049 246 2105 Hasro.
281 2050 525 2108 Parnoroaauus.
561 2052 784 2107 Parnocasrss.

93 2189 165 2262 Hcg.
181 2190 198 2244 J
199 2191 242 2246 ovi
253 2191 367 2260 Diisque
380 2210 435 2264 ago
448 2192 550 2264 gratias
562 2193 659 2247 merito
671 2209 796 2262 magnam

58 2262 152 2324 Quom
164 2270 192 2315 te
205 2261 334 2317 reducem
346 2271 393 2317 tuo
406 2264 475 2333 patri
493 2263 679 2330 reddiderunt,

57 2331 203 2400 Quomque
216 2349 252 2386 ex
263 2333 379 2388 miseriis
390 2335 511 2403 plurimis
522 2351 566 2388 me
579 2338 747 2398 exemerunt,
844 2358 847 2364 ·

58 2402 146 2469 Quas,
160 2402 223 2456 dum
236 2410 264 2456 te
277 2403 424 2459 carendum
437 2403 481 2459 hic
494 2405 553 2472 fuit,
566 2402 770 2458 sustentabam:

58 2472 204 2541 Quomque
217 2473 290 2527 hunc
303 2475 441 2544 conspicio
452 2476 481 2529 in
493 2481 628 2545 potestate
642 2480 743 2542 nostra,
848 2474 867 2529 5

57 2542 204 2611 Quomque
217 2543 276 2597 haec
288 2553 396 2614 reperta
408 2554 451 2600 est
463 2545 531 2600 fides
548 2545 625 2600 firma
637 2544 724 2599 nobis.

57 2613 131 2667 Satis
139 2613 196 2685 jam
210 2613 283 2670 dolui
295 2631 331 2670 ex
344 2617 455 2685 anim03
472 2623 502 2672 et
513 2633 579 2672 cura
589 2633 634 2671 me
646 2616 713 2670 satis

58 2682 95 2737 Et
105 2683 234 2738 lacrumis
246 2688 391 2742 maceravi.

93 2753 201 2826 Philop.
429 2757 472 2812 0!
491 2757 558 2812 satis
572 2757 630 2827 jam
641 2754 732 2811 audivi

56 2822 134 2947 'Ilium
147 2841 289 2895 erumnas,
302 2826 337 2883 ad
348 2833 454 2900 portum
464 2827 530 2883 mihi
542 2844 611 2897 quas
622 2823 785 2881 memorasti.

88 2911 121 2948 oc
134 2912 151 2949 a
217 2914 258 2953 us.

86 2912 216 3021 Phddem
333 2969 516 3104 Quipdnuno,
525 2968 664 3045 quomam
668 2973 775 3024 meum
779 2956 921 3068 emt-{Q

432 3062 493 3117 ²¹¹¹,
