1950 3300
323 111 539 173 cnrumvnl.
551 103 606 169 IV.
623 111 650 166 2
851 123 889 166 w

77 253 208 310 collecto
220 252 329 321 quidem
341 261 385 308 eat
396 252 494 323 pallio:
513 251 640 321 quidnam
651 250 800 306 acturu’st?

115 325 188 395 Erg.
209 324 290 378 Move
314 325 413 378 abste
435 341 545 391 moram,
565 330 654 392 atque,
675 321 809 394 Ergasile,
832 339 886 392 age

187 393 257 447 hanc
271 411 336 448 rem.
852 394 887 448 10

76 464 193 519 Eminor
205 465 428 533 interminorque,
441 481 475 518 ne
487 464 547 533 quis
559 463 595 517 mi
607 462 742 519 obstiterit
753 463 866 531 obviam,

76 535 145 590 Nisi
156 536 202 603 qui
213 541 257 588 sat
269 535 314 588 diu
325 535 425 589 vixisse
438 551 500 588 sese
514 535 594 588 homo
607 534 795 590 arbitrabitur:

78 607 164 671 Nam,
175 606 220 674 qui
234 605 375 674 abstiterit,
389 622 434 660 ore
451 607 537 660 sistet.

117 675 190 746 Heg.
462 676 516 729 Hic
529 676 608 729 homo
620 676 771 748 pugilatum
783 675 886 744 incipit.

116 747 195 827 Erga·
207 745 311 800 Facere
325 752 431 800 certum
442 753 500 801 est:
519 746 630 816 proinde
644 754 674 801 ut
685 765 779 802 omnes
791 746 889 801 itinera

188 818 315 871 insistunt
326 834 384 883 sua,

78 887 128 943 Ne
142 886 201 956 quis
213 886 242 941 in
252 888 303 941 huc
316 887 406 957 platea
418 887 513 958 negoti
525 886 649 942 conserat
659 887 804 957 quidquam
817 886 867 942 sui.

79 957 158 1014 Nam
169 965 302 1082 meillffit
312 958 419 1012 ballista
431 975 556 1029 pugnus3
574 959 681 1012 cubitus
697 958 833 1028 catapulta
845 965 888 1083 eleg

189 1047 215 1082 m
245 1047 254 1082 1

78 1099 221 1153 Humerus
242 1067 331 1152 siries:
365 1104 422 1152 tum
440 1115 514 1169 genu
532 1098 566 1153 ad
584 1115 716 1169 quemque
729 1099 833 1170 jecero,
851 1099 887 1154 ad

189 1175 289 1223 terram
301 1169 379 1223 dabo.

78 1239 246 1364 Dentilegos
259 1240 362 1294 omneis
381 1238 517 1294 mortaleis
538 1237 643 1309 faciam,
655 1256 787 1311 quemque
801 1242 886 1296 offen·

207 1328 263 1364 ero.

117 1381 190 1453 Hcg.
209 1381 279 1461 que
292 1379 361 1434 illaec
374 1380 502 1436 eminatio
514 1382 576 1436 est?
594 1399 656 1436 nam
673 1399 780 1452 nequeo
797 1381 888 1438 mirari

189 1457 265 1506 satas.
454 1504 456 1508 .

115 1521 189 1592 Erg.
207 1520 317 1576 Faciam
338 1528 370 1577 ut
389 1522 448 1593 ejus
467 1521 521 1577 diei
538 1522 644 1593 locique
660 1522 767 1593 meique
779 1538 888 1591 semper

189 1593 350 1647 meminerit

79 1661 142 1726 Qui
153 1663 219 1717 mihi
234 1662 262 1715 in
282 1681 364 1717 cursu
385 1663 527 1731 obstiterit,
547 1662 611 1718 faxo
629 1663 690 1718 vita
708 1663 732 1719 is
751 1663 887 1732 extemplo

190 1733 324 1788 obstiterit
332 1751 397 1788 suae.

118 1803 190 1875 Hcg.
209 1804 285 1865 Quid
305 1804 349 1858 hic
361 1805 441 1859 homo
452 1810 557 1860 tantum
569 1803 701 1874 incipissit
712 1803 806 1858 facere
824 1819 887 1856 cum

188 1873 271 1928 tantis
284 1875 382 1929 minis?

117 1943 188 2016 Erg.
206 1944 285 1998 Prius
298 1945 383 2014 edico,
395 1961 431 2000 ne
450 1943 509 2015 quis
524 1952 634 2017 propter
645 1945 753 2016 culpam
764 1943 888 2017 capiatur

190 2032 275 2081 suum,

81 2085 230 2142 Continete
242 2103 290 2140 vos
302 2085 392 2152 domi3
408 2085 547 2156 prohibete
562 2085 665 2141 avobis
678 2087 731 2141 vim
742 2103 839 2141 meum.

122 2157 193 2227 Hcg.
212 2155 292 2222 Mira,
305 2155 411 2226 edepol,
422 2163 494 2224 sunt,
505 2158 534 2212 ui
553 2157 597 2212 hic
619 2157 647 2211 in
658 2164 781 2213 ventrem
793 2153 889 2210 sumsit

189 2227 389 2281 confidentiam.
851 2226 888 2280 25

80 2296 133 2351 Ve
146 2297 245 2350 misero
256 2297 303 2364 illi,
316 2296 393 2367 cujus
405 2298 467 2352 cibo
478 2299 531 2352 iste
545 2298 657 2354 factu’st
667 2299 703 2352 im
722 2296 850 2351 eriosior!

116 2367 187 2439 Erg.
213 2367 285 2421 Tum
305 2369 420 2438 pistores
444 2369 609 2438 scrofipasci,
627 2369 671 2439 qni
690 2315 766 2423 alunt
783 2365 887 2422 furfure

189 2454 263 2504 sues,

81 2507 210 2569 Quarum
221 2508 302 2562 odore
315 2507 454 2576 praeterire
468 2525 547 2563 nemo
559 2509 700 2579 pistrinum
711 2515 801 2580 potest
811 2527 819 2576 ;

80 2578 187 2633 Eorum
199 2579 222 2633 si
234 2580 408 2649 quojusquam
425 2578 540 2634 scrofam
552 2581 580 2634 in
593 2580 700 2650 publico
712 2596 887 2649 conspexero,

82 2648 126 2702 Ex
138 2649 205 2718 ipsis
218 2648 339 2717 dominis,
351 2651 419 2705 meis
432 2651 539 2719 pugnis,
551 2650 700 2705 exculcabo
713 2650 840 2706 furfures.

119 2721 191 2791 Heg.
210 2719 342 2774 Basilicus
355 2721 505 2775 edictiones
518 2728 598 2790 atque
612 2720 768 2791 imperiosas
779 2720 871 2775 habet.

82 2789 167 2847 Satur
178 2790 258 2870 homo
270 2797 328 2845 est:
346 2791 430 2847 habet
445 2790 568 2862 profecto
588 2792 616 2846 in
635 2799 730 2847 ventre
749 2791 888 2848 confiden-

190 2867 265 2915 nam.

118 2929 279 3058 Ergk'l'udm
299 2933 460 3004 piscatores,
471 2931 519 3004 qui
536 2930 664 3006 prebent
675 2931 781 3005 popano
791 2932 902 3001 qaaere

193 3010 242 3058 oetr
263 3020 303 3074 os,
