1950 3300
215 54 271 109 Sed
284 54 390 109 malene
403 52 430 106 id
443 54 575 108 arbitrare
588 30 742 111 fao‘t‘uios
755 25 836 56 “w

249 126 340 266 ᾗῇ.
359 195 398 248 At
410 210 463 263 ego
475 193 528 258 aio,
539 201 622 261 recte,
634 195 680 262 qui
692 197 741 249 abs
752 125 839 253 teligg

214 264 288 320 Nam
300 271 429 336 cogitato,
442 264 466 345 si
478 266 537 331 quis
550 267 601 319 hoc
615 271 699 389 pnato
710 272 757 319 tuo
810 337 817 348 .
838 356 840 365 Ι

214 337 292 391 'I'uus
304 353 397 389 servos
410 334 486 401 faxit,
497 337 605 402 qualem
637 337 734 390 abercs
745 347 840 408 grana

214 406 408 464 Emitteresne
420 421 516 472 necne,
530 423 594 461 eum
604 424 710 461 servom
723 410 825 462 manu?

213 477 330 531 Essetne
344 475 414 544 apud
428 473 491 528 teis
504 493 598 532 servos
610 477 842 548 acceptissumusi

213 545 370 616 Responde.

249 617 319 687 Heg.
427 614 538 686 Opinor.

250 688 340 813 Qud.
574 687 629 741 Cur
642 705 709 759 ergo
720 688 805 743 iratus
818 708 845 744 m

280 779 291 812 e

290 777 320 830 g.
338 757 414 820 Quia
425 756 463 812 illi
474 757 558 822 fuisti,
570 775 649 826 quam
661 760 735 825 mihi,
747 760 845 815 fidelior

254 830 342 901 Dynd.
361 827 459 890 Quid?
477 836 506 882 tu
519 845 573 881 una
584 836 665 881 nocte
675 830 843 898 postulavisti

215 900 327 955 Recens
340 907 447 968 captum
459 899 603 957 hominem,
613 916 744 967 nuperum
756 908 785 956 et
797 919 846 957 nov

214 972 257 1026 'Pe
270 969 425 1040 perdocere,
438 977 468 1022 nt
481 969 577 1023 melius
589 969 760 1024 consulerem
772 972 831 1037 tibi,

215 1043 307 1105 Quam
320 1041 366 1103 illi,
379 1041 486 1108 quicum
499 1057 552 1093 una
565 1057 581 1092 c
592 1056 676 1108 puero
688 1047 798 1096 etatem
808 1060 848 1099 cx«

251 1113 320 1181 Heg.
340 1110 415 1181 Ergo
427 1109 460 1162 ab
474 1126 506 1163 eo
519 1110 603 1178 petito
616 1109 730 1178 gratiam
742 1113 831 1167 istam.

215 1182 271 1238 Ubi
283 1181 457 1250 ponderosas,
470 1197 574 1234 crassas
588 1181 680 1303 capiat
690 1183 849 1252 compedeeg

215 1253 283 1308 Inde
296 1252 347 1304 ibis
360 1267 436 1318 porro
448 1251 475 1302 in
488 1249 611 1304 latomias
633 1251 774 1320 apidcrias.

214 1323 266 1388 Ibi,
278 1337 358 1389 quom
370 1319 415 1373 alii
428 1328 539 1373 octonos
553 1321 657 1390 lapides
669 1322 822 1392 effoderint,

215 1391 278 1449 Nisi
290 1390 440 1443 cotidianus
453 1392 611 1460 sesquiopus
624 1393 786 1454 confeceris,
