1950 3300
216 364 496 425 ARGUMENTUM
514 362 719 420 PRISCIANI.

162 508 186 557 0
193 513 262 570 aptus
272 514 311 556 est
321 508 347 555 in
357 521 439 571 pugna
450 505 571 570 Hegionis
583 503 654 556 filius.

160 589 183 636 A
191 588 250 636 lium
261 588 411 650 quadrimum
423 579 518 650 fugiens
529 601 613 634 servus
624 585 741 634 vendidit.

160 670 186 716 P
193 675 244 718 ater
255 670 365 731 captivos
376 675 552 717 commereatur
562 669 638 730 Alios,

164 753 276 800 Tantum
287 753 396 810 studens,
406 750 441 799 uti
451 756 535 798 natum
547 755 688 811 recuperet:

160 834 203 882 Et
213 833 238 881 in
249 833 304 881 ibus
316 833 374 880 emit
385 832 442 880 olim
454 832 569 879 amissum
581 829 666 879 filium.

162 917 179 963 Ι
183 930 203 975 s,
215 929 259 963 suo
271 929 328 962 cum
339 915 438 962 domino
450 919 520 961 veste
531 927 601 960 versa
612 927 641 960 oc
652 913 760 969 nomine,

165 997 203 1044 Vt
214 996 342 1052 amittatur,
354 994 412 1043 iecit
423 1012 428 1042 :
445 995 511 1056 ipsus
522 994 643 1056 plectitur.

161 1079 203 1126 Et
213 1077 235 1126 is
248 1077 343 1124 reduxit
355 1081 453 1138 captum
465 1081 490 1123 et
501 1074 628 1138 fugitivum
640 1075 721 1132 simul,

162 1159 178 1207 1
183 1159 263 1207 udicio
275 1157 346 1220 cujus
357 1157 431 1205 alium
443 1157 554 1220 agnoscit
564 1155 649 1204 illium.

299 1356 306 1374 l
326 1287 616 1343 Aaouunrrruu.

98 1415 201 1471 Hsoro,
212 1414 321 1470 AEtolus,
332 1413 393 1461 duos
404 1412 479 1460 habet
495 1410 568 1468 filios,
588 1426 691 1473 quorum
707 1411 792 1470 minor,
812 1428 870 1475 qua·

65 1496 190 1552 drirnulus,
200 1509 214 1542 a
224 1508 295 1542 servo
303 1491 405 1557 fugitivo
414 1492 544 1554 surripitur,
557 1506 613 1548 nec,
625 1491 682 1553 quid
693 1491 784 1540 lactum
795 1494 818 1541 ei
832 1495 872 1555 sit,

64 1578 155 1626 multos
167 1591 210 1638 per
220 1589 297 1623 annos
315 1575 460 1639 investigare
473 1588 551 1622 senex
568 1579 657 1635 potest,
669 1573 744 1636 major
754 1581 835 1624 autern
846 1578 873 1626 in

65 1660 129 1707 bello
141 1659 172 1705 ab
184 1657 251 1705 Eleis
263 1657 364 1718 capitur.
405 1656 478 1712 Quod
496 1669 555 1704 vero
572 1655 651 1703 AEtoli
668 1669 764 1720 quoque
782 1658 872 1706 multos

65 1745 182 1803 ceperant
192 1739 277 1795 Eleos,
288 1743 464 1786 commereatur
475 1737 558 1801 Hegio
570 1737 717 1798 complures,
727 1751 836 1798 sperans,
846 1739 873 1792 ln

66 1835 96 1868 eo
113 1835 140 1868 se
160 1832 262 1867 nurnero
273 1819 387 1880 aliquem,
399 1832 504 1880 quocum
524 1824 616 1865 mutare
635 1816 712 1865 filium
724 1824 805 1879 queat,
817 1834 872 1868 esse

65 1906 225 1963 reperturum.
258 1900 311 1947 Nec
333 1914 389 1961 spes
408 1913 465 1947 eum
483 1898 550 1947 fallit.
584 1898 734 1946 Philocrates
752 1901 873 1961 captivus,

65 1996 162 2030 summo
174 1981 199 2027 in
212 1980 283 2028 Elide
293 1981 349 2028 loco
360 1985 440 2040 natus,
451 1981 520 2028 latus
538 1981 567 2028 ad
585 1979 750 2028 conditionem
768 1982 873 2039 accedit,

66 2064 119 2118 sed,
129 2075 179 2123 quo
196 2062 267 2108 citius
284 2061 381 2108 servitio
400 2061 522 2117 liberetur,
541 2065 637 2109 vestem
654 2074 794 2122 nomenque
811 2062 873 2110 clam

67 2158 123 2192 curn
135 2143 249 2204 Tyndaro
260 2155 332 2190 servo
349 2157 403 2198 suo,
414 2143 486 2190 simul
505 2147 577 2204 capto
596 2147 720 2203 emtoque,
732 2150 873 2201 commutat,

66 2224 244 2285 persuadetque
264 2223 381 2286 Hegioni,
400 2229 427 2271 ut
446 2224 475 2271 ad
495 2221 572 2271 lilium
591 2223 644 2285 ejus
664 2224 829 2271 reducendum
848 2225 874 2273 in

67 2305 165 2352 Elidem
184 2305 325 2353 dimittatur.
369 2304 465 2352 Interea
487 2313 568 2353 autem
590 2303 718 2367 cognoscit
739 2303 822 2368 Hegio
842 2320 874 2355 ex

68 2390 125 2446 alio,
137 2403 211 2450 quern
223 2393 323 2444 emerat,
335 2388 431 2449 captivo
449 2388 610 2449 imprudente,
621 2387 752 2447 deceptum
765 2401 792 2434 se
809 2403 874 2446 esse,

66 2470 256 2533 Tyndarumque
268 2469 358 2524 statim,
369 2469 457 2516 misere
468 2468 587 2524 vinctum,
598 2468 624 2514 in
635 2467 775 2529 lapicidinas
791 2468 872 2518 mittit.

66 2551 125 2599 Non
143 2555 249 2597 moratur
265 2555 347 2598 autern
366 2549 531 2609 Philocrates3
556 2550 670 2611 opinione
689 2548 792 2597 celerius
813 2551 875 2599 redit

67 2647 125 2681 curn
137 2631 259 2694 Hegionis
270 2629 320 2678 filio
331 2630 440 2687 liberato,
451 2635 478 2678 et
488 2631 587 2678 adducit
597 2630 669 2677 simul
680 2629 710 2676 ab
722 2643 752 2676 eo
763 2629 788 2676 in
801 2630 874 2678 Elide

67 2713 177 2775 agnitum
195 2726 293 2759 servum
310 2711 468 2773 Stalagmum,
488 2711 529 2772 qui
549 2710 699 2772 quadrimum
717 2709 873 2771 surripuerat:

68 2807 117 2855 quo
128 2792 193 2840 iacto
205 2792 283 2853 palam
295 2790 331 2848 fit,
343 2791 483 2855 Tyndarum
491 2791 571 2854 ipsum
579 2804 636 2839 esse
645 2788 886 2850 istumnuadixmurrx

68 2875 123 2921 olim
139 2879 283 2935 surreptum,
303 2875 345 2925 cui
365 2875 467 2926 vincula
486 2876 575 2928 statim
598 2890 615 2924 a
631 2879 706 2938 patro
720 2872 785 2918 imin
803 2869 912 2914 ‘siffis

57 2951 183 3016 Stalagmo
193 2961 317 3017 aptantur,
330 2961 362 3012 iis
374 2962 498 3029 digniori.

265 3041 301 3096 las
