1950 3300
329 112 544 177 QAPTEIVEI.
563 113 599 169 11.
619 114 645 170 3.
855 113 893 170 23

117 253 189 325 Heg.
593 254 647 322 Dii,
658 261 776 310 vostrum
789 253 888 309 fidem!

80 323 382 448 H⁰mi¹¹¹¹¹t¹hffss⁰ni¹¹m
399 322 528 393 liberrle;
549 331 580 380 ut
590 326 726 380 lacrumas
747 326 909 386 excutiunt‘

79 413 279 522 videmnclmrd'e
289 482 379 550 emere
391 465 463 520 inter
472 483 513 520 se.
547 465 888 528 Quantislaudibuseuum

80 537 373 662 Servosloeorllllffrdavit!
854 538 889 592 60

116 677 218 735 Ptitm
420 677 494 746 Istic,
506 677 558 747 pol,
570 678 644 732 haud
656 695 699 732 me
711 677 888 733 centesimam

78 747 191 803 Partem
208 747 310 831 tendat,
322 765 401 818 quam
418 749 477 818 ipse
494 749 635 816 meritu’st,
649 756 679 803 ut
692 748 819 803 laudetur
830 750 888 803 lau·
960 773 967 786 κ

117 891 152 945 H
181 819 290 961 dffgso,
298 896 493 959 quomoptume
502 889 600 956 fecisti,
609 907 681 943 nune
690 890 769 944 adest
777 891 886 944 occasio

79 960 158 1016 Bene
172 968 234 1015 aete
243 962 390 1028 cumulare,
400 968 431 1014 ut
438 978 505 1031 erge
513 962 586 1014 huno
599 978 658 1015 rem
692 978 752 1015 erus
761 961 888 1015 fideliter.

115 1031 220 1088 Ptiut
238 1032 332 1114 Magio
344 1049 398 1086 non
410 1031 510 1114 fuctum
522 1049 632 1101 possum
640 979 719 1100 veffle,
732 1049 811 1101 quem
823 1048 888 1101 ope-

187 1119 219 1157 ra
231 1119 355 1172 experrur
366 1118 501 1172 persequr.

79 1170 114 1226 Id
126 1178 158 1226 ut
168 1174 248 1240 scias,
258 1173 354 1228 Jovem
366 1189 520 1241 supremum
532 1179 633 1226 testem
647 1173 738 1240 leudo,
750 1173 852 1244 Hegio,

79 1242 131 1297 Me
143 1243 282 1298 infidelem
294 1260 348 1298 non
361 1241 480 1297 futurum
492 1242 648 1298 Philocrati.

116 1313 188 1395 Heg.
640 1314 745 1369 Probus
758 1313 888 1394 eshomo.

116 1384 220 1440 Pholoe.
238 1383 300 1438 Nec
316 1400 360 1438 me
373 1399 455 1438 setus
476 1402 594 1452 unquam
614 1387 641 1440 ei
658 1386 793 1440 facturum
810 1385 888 1454 quud-

188 1472 276 1522 quam,
288 1472 368 1523 quem
380 1463 481 1510 memet
491 1455 565 1510 mihi.

121 1525 210 1597 Ίξψιᾱ.
223 1524 303 1579 Isttec
313 1525 385 1579 dieto
393 1533 421 1579 te
431 1526 548 1596 experiri
557 1533 587 1580 et
595 1526 684 1595 operis
693 1534 722 1581 et
730 1526 810 1581 factis
820 1523 888 1580 volo.

80 1596 126 1664 Et,
138 1613 192 1666 quo
203 1597 292 1719 minuls
304 1596 369 1697 uixi,
381 1614 461 1667 quem
480 1597 554 1652 volui
565 1596 600 1651 de
612 1605 650 1664 te,
662 1598 779 1652 animum
792 1597 887 1720 advoyrd

80 1673 470 1860 AtqueZfflngrerborum
489 1753 581 1806 ceusu,
598 1744 695 1793 caveto
718 1737 783 1792 mihi
801 1737 887 1792 iratus

80 1877 139 1934 Sed
151 1884 190 1945 te,
200 1824 302 1947 gaeso,
314 1878 443 1948 cogitato,
455 1877 528 1945 hinc,
539 1896 603 1934 mea
614 1879 678 1945 fide,
697 1878 768 1933 mitti
780 1877 888 1932 domum

80 1949 125 2004 Te
138 1955 317 2016 astumatum,
329 1957 358 2002 et
370 1965 460 2003 meam
478 1965 541 2004 esse
562 1951 644 2005 vitem
656 1951 701 2005 hio
713 1955 803 2019 prote
815 1949 887 2019 posi-

187 2025 243 2074 tum
254 2019 379 2100 pignor13

80 2089 128 2146 Ne
145 2096 177 2145 tu
193 2107 238 2144 me
255 2107 374 2173 rgnores,
385 2106 466 2159 quom
483 2090 622 2161 extemplo
634 2108 696 2146 meo
708 2108 724 2146 e
737 2095 886 2160 conspectu

80 2231 175 2294 Quom
186 2161 388 2286 rtrrbeoesffiffi’in
400 2232 531 2287 servitute
543 2248 592 2301 pro
605 2238 633 2286 te
644 2230 688 2285 hic
701 2231 857 2300 reliqueris3

79 2301 179 2371 Tuque
191 2308 220 2356 te
229 2319 278 2372 pro
289 2302 376 2357 libero
388 2319 450 2357 esee
464 2303 556 2369 ducas,
568 2302 667 2372 pignus
677 2301 804 2368 deseram
850 2303 887 2358 76

79 2372 181 2443 Neque
194 2372 243 2455 des
255 2389 374 2441 operum,
384 2391 434 2444 pro
454 2390 497 2428 me
511 2381 542 2428 ut
552 2372 632 2443 hujus
653 2371 783 2426 reducem
800 2372 886 2429 facies

78 2514 156 2568 Scito
167 2443 363 2567 tglffi'minis
374 2514 471 2585 viginti
483 2521 652 2569 aestumatum
664 2512 773 2569 mittier.

78 2585 137 2640 Fac
149 2585 238 2639 fidelis
250 2585 288 2639 eis
300 2585 390 2638 fideli:
408 2602 476 2640 cave
489 2586 571 2640 fidem
583 2585 683 2639 fluxam
697 2602 786 2655 geras.

78 2656 153 2712 Num
173 2663 259 2736 peter,
279 2655 345 2721 scio,
364 2655 455 2724 saciet,
476 2674 534 2726 quae
558 2656 634 2712 illum
657 2655 751 2711 fecere
772 2661 886 2725 oportet,

184 2743 284 2781 omnm.

78 2797 166 2852 Serve
182 2796 212 2850 in
229 2802 389 2866 perpetuum
413 2796 463 2852 tibi
486 2797 603 2853 amicum
628 2813 682 2865 me,
706 2802 787 2866 etque
813 2795 886 2851 huno

184 2868 324 2922 inventum
336 2868 435 2923 inveni.

77 2939 156 3005 Hoc,
166 2954 218 3009 per
230 2938 370 2996 dexterum
381 2946 468 3006 tuum,
477 2945 507 2996 te
520 2939 779 2997 uertemret'mem
784 2953 890 3015 mmmm„

75 3009 204 3078 Obsecro,
216 3009 357 3071 infidelior
369 3013 439 3074 mihi
451 3032 491 3074 ue
501 3013 580 3085 tum,
588 3030 681 3087 quum
689 3027 750 3082 ego
758 3003 904 3063 mmm
