1950 3300
268 465 662 542 CAPTEIVEI.

408 667 522 706 ..4-

205 802 457 860 DRAMATIS
481 803 722 860 PERSONAE.

62 958 193 1025 HEGIO,
206 959 322 1027 AEtolus,
333 960 474 1030 predives,
486 961 631 1015 liberorum
650 958 758 1028 quidem
777 975 868 1013 aman-

134 1030 262 1098 tissimus,
283 1047 335 1085 nec
356 1033 492 1101 improbus
512 1039 622 1098 catera,
641 1031 811 1100 lepidusque‚
823 1031 869 1098 qui

134 1100 201 1170 ipsis
213 1103 392 1170 parasitarum
408 1103 479 1173 jocis
501 1101 658 1156 scurrilibus
679 1118 765 1155 senex
778 1100 869 1154 adbuc

134 1171 295 1296 llelrecmur’
307 1190 445 1228 servorum
463 1190 527 1228 vero
543 1173 656 1244 injurias
669 1172 781 1245 gravius
792 1187 870 1240 aequo

154 1259 169 1295 a
189 1249 224 1296 et.

62 1311 370 1381 PHILOPOLEMUS,
390 1314 527 1397 Hegionis
547 1313 619 1368 filius
639 1312 734 1382 major,
746 1310 870 1382 abllileis

134 1382 207 1436 bello
218 1392 322 1453 captus,
334 1384 453 1456 Ergasilr
462 1403 511 1440 rex
521 1403 528 1437 ε
545 1386 616 1438 bene
625 1384 744 1437 libenter
755 1383 869 1449 victitat,

134 1453 250 1508 etlauta
270 1456 394 1510 convivia
414 1467 552 1510 sumtuose
575 1455 659 1519 facit3
678 1453 729 1509 sed
750 1454 870 1508 animum

134 1526 255 1579 ostendit
265 1526 336 1581 bene
349 1528 465 1582 merenti
479 1526 670 1597 gratissimum.

62 1593 343 1664 PHILOCRATES,
365 1597 448 1652 Eleus
467 1597 564 1650 nobilis
582 1597 721 1663 divesque,
739 1594 872 1663 promissa

134 1665 292 1720 fidelissime
304 1674 403 1735 servat,
416 1675 445 1722 et
457 1669 528 1723 bene
540 1667 644 1722 meritis
654 1666 756 1736 gratias
768 1663 871 1719 referre

153 1752 183 1789 ro
218 1743 267 1790 rat.

63 1752 288 1875 wrfbrlltUS,
300 1808 436 1880 Hegionis
449 1808 521 1862 filius
528 1808 621 1862 minor.
651 1805 871 1877 Pegnionomen

134 1883 201 1942 erat,
213 1894 295 1946 quum
312 1880 465 1949 quadrimus
484 1880 670 1948 surriperetur‚
682 1894 761 1931 servo
779 1884 871 1932 autem

135 1947 279 2002 indebatur
298 1967 397 2004 nomen
420 1949 553 2020 Tyndari.
601 1948 751 2003 Peculiaris
775 1965 870 2002 servus

135 2017 281 2074 Philocrati
305 2021 393 2086 datus,
417 2021 554 2076 serviebat
577 2019 734 2085 liberaliter,
758 2018 871 2087 berique

134 2091 283 2160 procapite
298 2100 380 2161 caput
391 2109 470 2146 suum
491 2090 619 2160 periculis
631 2090 766 2143 offerebat
785 2089 871 2143 maxi-

134 2159 194 2213 mis.
231 2163 270 2215 At
280 2160 352 2216 idem
369 2171 468 2229 tamen,
481 2169 511 2215 ut
523 2161 657 2230 Hegionis
676 2160 748 2213 filius
760 2159 870 2229 agnitus

134 2237 186 2296 est,
199 2231 265 2285 nihil
277 2233 363 2286 habet
374 2234 448 2303 prius
460 2248 540 2301 quam
552 2238 582 2285 ut
594 2231 764 2300 Stalagmum
773 2230 871 2284 atroci-

134 2307 178 2354 ter
198 2300 352 2356 ulciscatur.
937 2354 942 2365 ,

65 2371 399 2440 ARISTOPHONTES,
421 2373 505 2426 Eleus
533 2372 664 2440 captivus,
689 2369 768 2425 homo
795 2369 871 2425 stoli-

134 2442 194 2508 dus,
207 2449 243 2510 et,
255 2451 286 2497 ut
297 2444 387 2498 solent
398 2445 497 2510 stolidi,
510 2443 643 2513 pertinax.

63 2511 140 2636 gulos
152 2511 294 2636 hHegionis,
306 2515 432 2570 cellarius
445 2515 504 2585 ejus
516 2531 577 2569 esse
591 2513 706 2567 videtur.

89 2601 104 2636 o
170 2601 203 2638 us

66 2653 119 2707 Cor
165 2653 192 2708 io
239 2654 353 2711 Lorarii.

67 2723 175 2778 Gordos
877 2786 884 2797 .

64 2793 290 2865 ERGASILUS,
309 2798 456 2870 parasitus,
472 2795 659 2854 insaturabile
675 2794 833 2852 abdomen,
846 2801 901 2836 em

129 2866 176 2919 nni
188 2867 401 2942 adamantus,
415 2873 556 2946 cuiusque
572 2868 674 2944 gratia
683 2861 832 2920 {adraniae
850 2862 923 2906 esee

118 2935 278 3012 plagasque
291 2947 353 3018 pati
366 2946 473 3021 volupe
489 2946 522 3003 ei
536 2951 594 3003 est.
