1950 3300
315 123 528 184 oneremur.
547 125 583 183 11.
601 126 628 182 2.
840 128 874 184 1⁷

103 270 209 328 Philue.
434 267 515 326 Unde
527 273 663 339 excoquat
673 282 766 322 sevum
778 284 873 324 senex.

105 344 178 426 Heg.
196 340 291 405 Quid?
308 347 386 412 peter
401 338 524 395 vivitne?

104 415 209 470 Phduo.
464 409 571 477 Vivum,
583 426 662 477 quom
674 409 738 464 inde
751 409 875 476 abiimus,

415 527 416 530 ,
513 480 646 548 Ιίιιιιὶιιιιιε.

66 552 163 622 Nune,
172 553 254 619 uvat,
265 569 362 620 neone,
374 551 402 604 id
414 551 517 606 Orcum
528 552 599 605 seire
612 557 719 620 oportet
730 550 844 605 scilicet

102 624 196 698 upon.
215 624 296 679 Salvo
315 640 360 677 res
381 629 438 677 est:
462 621 663 693 philosophatur
681 638 786 691 quoque
801 623 876 695 jam3

176 712 230 748 non
241 692 358 748 mendox
369 693 449 746 modo
461 699 512 746 est.

99 764 177 848 fleg.
195 764 279 827 Quod
296 770 355 818 eret
367 763 394 817 ei
405 763 524 817 nomen?

103 835 208 890 Puuoc.
350 832 803 906 Thesauroohrysonieoohrysides.
839 834 875 889 35

104 905 177 978 Heg.
195 904 341 1016 Videhcep,
352 912 461 975 propter
473 904 588 972 divitias,
596 904 710 958 inditum
726 905 754 959 id
775 922 875 961 nomen

194 976 253 1029 uusi
265 983 323 1030 est.

102 993 208 1102 Phililc.
226 1047 319 1113 Immo,
338 1044 444 1117 edepol,
459 1051 569 1117 propter
577 1045 716 1099 avaritiam
728 1045 820 1115 ipsius,
834 1052 874 1101 ut·

175 1116 384 1186 queuuduoium.

66 1185 143 1242 Num
155 1186 208 1268 ille·
221 1186 330 1257 quidem
349 1185 590 1242 Theodoromedes
608 1185 660 1240 fuit
678 1204 808 1258 germano
826 1204 874 1242 no-

104 1274 270 1411 Hegjnglnriid
281 1335 312 1383 tu
324 1326 386 1394 eiu?
403 1334 523 1381 tenaxne
532 1333 609 1450 peter
620 1327 679 1398 ejus
688 1328 750 1382 est?

104 1399 208 1454 Pholoe.
549 1414 620 1451 mmo
632 1396 729 1467 edepol
741 1397 875 1469 pertinax.

67 1469 148 1531 Quin
159 1469 250 1536 etium,
261 1476 293 1523 ut
303 1469 392 1540 magis
403 1484 509 1535 noscas,
522 1468 611 1522 Genio
631 1485 681 1522 ouo
701 1469 748 1523 ubi
768 1470 875 1538 quondo

175 1541 326 1606 sacruficut,
839 1539 875 1594 40

67 1610 115 1666 Ad
126 1627 184 1664 rem
195 1611 321 1677 divinum,
334 1609 428 1677 quibus
441 1616 484 1663 est
495 1625 570 1678 opus,
586 1607 684 1662 Samiis
697 1609 769 1663 vasis
781 1609 874 1678 utitur,
890 1668 897 1675 .

67 1681 115 1737 Ne
127 1681 305 1804 ipseffeniue
323 1680 458 1751 surripiat.
493 1679 619 1746 Proinde,
640 1679 700 1734 aliis
719 1687 751 1735 ut
770 1681 874 1748 eredat,

174 1768 200 1804 vr
218 1769 243 1806 e.

105 1822 176 1893 Heg.
195 1820 318 1891 Sequere
329 1821 381 1875 huo
393 1837 437 1874 me
449 1819 541 1891 igitur.
577 1819 681 1874 Eadem
698 1836 754 1893 ego
766 1837 802 1876 ex
813 1822 874 1891 hoc,

175 1908 232 1961 que
250 1892 321 1958 volo,
332 1890 524 1960 exquaeeivero.

36 1967 42 1975 '
65 1962 247 2043 Philocrates,
258 1963 303 2017 hic
325 1963 398 2030 fecit,
409 1961 546 2016 hominem
556 1959 628 2032 frugi
640 1968 671 2015 ut
682 1961 775 2018 facere
794 1981 873 2034 opor·

65 2103 142 2158 Nem
162 2120 197 2157 ex
218 2104 279 2171 hoo,
300 2121 353 2172 quo
373 2119 478 2175 genere
499 2109 578 2158 natus
598 2102 645 2166 sis,
657 2101 732 2171 sei03
752 2104 797 2159 hic
818 2102 872 2158 fus-

172 2174 240 2229 su'st
250 2175 324 2229 mihi.
835 2174 872 2229 45

65 2246 136 2299 Haec
148 2251 179 2298 tu
192 2246 288 2299 eudem
300 2246 323 2299 si
335 2243 459 2298 confiteri
470 2243 518 2310 vie,
529 2250 577 2297 tua
587 2259 617 2297 re
630 2243 748 2298 feceris:

64 2317 139 2379 Quae
150 2322 242 2370 tamen
254 2316 324 2371 seito
341 2316 412 2370 scire
425 2331 468 2369 me
482 2331 517 2368 ex
529 2315 590 2367 hoo.

106 2386 193 2458 Jlffld.
505 2383 586 2438 Fecit
597 2382 713 2438 officium
725 2382 770 2438 hio
782 2401 870 2453 suum,

63 2458 159 2520 Quom
177 2456 248 2580 millu}
246 2461 291 2511 est
313 2454 455 2510 confessus
478 2471 588 2509 verum:
615 2470 775 2524 quemquern
797 2457 871 2513 volui

171 2544 202 2581 ee
250 2544 267 2580 o

62 2597 158 2652 Meum
180 2597 347 2652 nobilitatem
371 2596 518 2664 occultare,
545 2602 575 2649 et
596 2611 694 2666 genus,
714 2603 744 2652 et
764 2592 870 2654 diuitias

170 2686 246 2723 meus

63 2738 167 2811 Hegio.
204 2708 286 2793 Nu'no
303 2737 410 2808 quondo
427 2738 540 2819 petrium
551 2742 581 2791 et
591 2736 745 2792 libertatem
756 2737 870 2808 perdidi,

63 2810 131 2865 Non
143 2826 198 2880 ego
209 2809 298 2864 istunc
316 2827 360 2866 me
378 2815 477 2881 potrus,
488 2825 569 2878 quum
582 2814 610 2862 te
622 2815 754 2876 metuere,
766 2820 872 2935 requosm'

171 2895 281 2934 censeo.
854 2883 876 2938 l

63 2950 115 3006 Vin
126 2950 232 3006 hostilis
242 2968 304 3008 oum
315 2950 386 3080 intpp
398 2949 470 3010 feeit
480 2968 560 3012 mene
572 2966 643 3024 open
652 2948 822 3023 euunuhu.
