1950 3300
307 124 522 181 CAPTBIVEI.
540 124 634 182 111.5.
659 79 661 82 >
837 129 893 184 35·

10 282 17 317 ι
105 265 176 336 Heg.
194 265 269 327 Quia
280 284 323 319 me
335 283 477 334 meamque
490 285 556 334 rem,
569 267 640 336 quod
652 267 680 322 in
691 274 719 322 te
732 285 786 322 uno
798 270 856 340 fuit,

67 335 138 391 Tuis
152 336 277 403 scelestiq
289 338 419 391 falsidicis
431 337 546 390 fallaciis

68 405 281 474 Deluoeravisti3
299 408 526 475 deartuuvistique
538 424 612 475 opes.

67 477 221 531 Confecisti
232 478 335 531 omneis
347 496 392 531 res
405 495 436 530 ac
448 479 567 531 rationes
586 495 678 546 meas3
839 484 873 539 15

67 547 110 600 lta
121 549 159 602 mi
171 549 294 602 exemisti
307 549 487 602 Philocratem
505 547 628 602 fallaciis.

66 618 147 672 Illum
160 635 221 672 esse
234 637 339 673 servom
352 619 464 690 credidi,
476 625 504 670 te
517 618 642 672 liberum.

65 689 111 743 Itu
122 697 226 744 vosmet
238 689 361 754 aiebatis,
373 691 464 757 itaque
476 690 585 742 nomina

10 818 13 839 ·
66 759 396 830 Intervospermutastis.

10 846 13 858 ·
105 831 192 901 Illud.
484 829 592 896 Fateor,
606 832 695 886 omnia

64 899 154 954 Facta
166 919 227 956 esse
240 903 287 968 ita,
300 908 329 955 ut
341 908 370 955 tu
382 900 459 964 dicis,
472 908 500 955 et
512 900 627 955 fallaciis
836 906 872 962 20

64 971 161 1026 Abiise
175 989 237 1026 eum
249 972 296 1027 abs
310 980 346 1037 te,
358 988 420 1026 mea
432 988 513 1041 opera
526 978 606 1039 atque
620 973 735 1039 astutia3

63 1044 119 1107 An,
133 1042 255 1109 obsecro,
266 1043 368 1109 hercle,
380 1051 416 1106 te,
429 1042 456 1096 id
468 1058 540 1095 nuuc
553 1059 701 1097 succenses
713 1044 800 1099 mihi?

100 1113 171 1183 Heg.
191 1115 229 1166 At
241 1131 303 1166 cum
315 1113 436 1167 cruciatu
447 1130 572 1166 maxumo
584 1112 612 1165 id
624 1113 726 1167 fuctum
740 1122 783 1169 est
794 1123 849 1170 tuo.

102 1184 191 1254 Thoti.
210 1184 285 1238 Dum
297 1201 332 1236 ne
342 1184 375 1237 ob
385 1183 529 1236 malefacta
538 1200 657 1251 peream,
666 1185 740 1253 parvi
749 1195 869 1242 aestumo.

62 1254 94 1307 si
107 1271 161 1323 ego
173 1254 216 1308 hic
231 1254 331 1322 peribo,
345 1261 388 1306 ast
398 1253 453 1319 ille,
465 1260 495 1306 ut
508 1253 583 1319 dixit,
596 1271 649 1308 non
661 1255 731 1310 redit
738 1275 746 1319 ;
833 1258 870 1312 25

61 1326 103 1378 At
114 1326 168 1378 erit
179 1325 243 1378 mihi
256 1325 307 1377 hoc
321 1323 424 1377 fuctum
436 1331 541 1377 mortuo
553 1326 728 1380 memorabile
740 1345 747 1394 ;

61 1394 158 1447 Meum
171 1395 265 1448 herum
278 1402 394 1463 coptum,
408 1411 442 1448 ex
455 1395 584 1448 servitute
601 1402 680 1463 atque
693 1397 816 1453 hostibus

60 1464 206 1519 Reducem
218 1464 317 1519 fecisse
328 1463 444 1518 liberum
455 1464 483 1518 in
496 1466 609 1534 patriam
622 1465 657 1519 ad
668 1473 783 1537 patrem,

10 1562 14 1579 ·
59 1535 211 1605 Meumque
224 1535 311 1604 potius
324 1552 367 1588 me
380 1542 461 1605 caput
471 1534 592 1605 periculo

59 1603 267 1675 Praeoptavisse,
280 1622 360 1674 quam
371 1606 394 1658 is
407 1608 515 1674 periret,
529 1621 639 1674 ponere.
832 1609 868 1665 30

97 1677 169 1746 Heg.
188 1677 284 1730 Facito
298 1693 365 1746 ergo
377 1683 407 1729 ut
420 1677 572 1730 Acherunti
584 1676 677 1729 clueas
690 1677 788 1748 glorio.

181 1786 188 1800 .
207 1749 265 1808 Qui
277 1763 326 1815 per
336 1747 463 1801 virtutem
474 1747 598 1817 perbitat,
611 1762 665 1799 non
677 1748 778 1803 interit

127 1836 167 1889 eg.
186 1818 305 1898 Quando
327 1834 380 1887 ego
401 1825 429 1872 te
451 1818 582 1888 exemplis
600 1819 793 1875 excruciavero
804 1839 867 1892 pes·

167 1905 259 1955 sunus,

58 1961 153 2027 Atque
167 1960 200 2012 ob
214 1958 316 2013 sutelas
328 1964 389 2012 tuas
401 1964 429 2011 te
442 1958 522 2012 morti
533 1957 640 2022 misero,

58 2029 114 2083 Vel
127 2036 155 2082 te
168 2029 301 2095 interisse,
312 2028 356 2083 vel
367 2029 480 2098 perisse,
489 2029 654 2098 praedioent3
829 2036 866 2092 35

58 2099 134 2154 Dum
145 2116 251 2170 pereas,
263 2099 329 2153 nihil
340 2099 474 2166 interduo,
487 2099 579 2154 dicant
589 2101 690 2156 rivere.

162 2171 187 2223 d.
205 2169 263 2236 Pol,
276 2171 299 2225 si
311 2170 382 2224 istuc
395 2169 473 2236 faxis,
485 2168 558 2222 haud
569 2169 629 2224 sine
640 2189 720 2242 poena
731 2171 841 2246 feceris,
906 2222 910 2229 .

57 2242 111 2297 sii
133 2241 212 2294 ehuc
223 2240 329 2307 redibit,
341 2239 412 2294 sicut
423 2240 530 2294 confido
541 2239 636 2295 affore.
908 2304 920 2315 .

92 2310 177 2366 Anat.
194 2310 248 2392 l’ro
261 2311 307 2366 Dii
327 2310 505 2365 immortales!
524 2327 596 2363 nuuc
615 2329 671 2383 ego
690 2318 779 2383 tene0,
791 2333 864 2375 nuuc

165 2398 223 2434 soro

56 2453 135 2516 Quid
147 2453 183 2506 sit
196 2451 248 2506 hoo
260 2452 364 2523 negoti.
400 2451 483 2506 Meus
494 2450 595 2505 sodalis
607 2451 776 2509 Philocrates
828 2459 865 2514 40

55 2524 89 2578 In
100 2523 227 2576 libertate
240 2528 283 2576 est
295 2523 329 2576 ad
340 2530 453 2592 patrem,
465 2523 599 2591 lupatria.
635 2523 712 2578 Bene
726 2533 785 2582 est:
816 2528 818 2532 ’

55 2594 120 2649 Neo
133 2600 177 2647 est
189 2592 328 2660 quisquam
341 2594 414 2660 mihi,
427 2609 502 2661 aeque
515 2592 612 2648 melius
624 2594 686 2664 quoi
702 2597 792 2653 velim.

56 2664 115 2719 Sed
126 2663 177 2787 hof
190 2663 254 2716 mihi
266 2679 339 2735 agre
353 2672 403 2732 est,
421 2681 465 2718 me
483 2663 546 2718 huic
559 2663 667 2720 dedisse
686 2683 795 2736 operam
807 2687 863 2725 ma·

173 2751 225 2799 am,

56 2805 115 2868 Qui
128 2821 209 2867 nuuc,
221 2811 330 2873 propter
340 2821 383 2857 me
396 2821 509 2872 meaque
521 2805 612 2869 verba,
624 2806 732 2859 vinctus
744 2814 794 2863 est

92 2877 170 2999 Heg.l
190 2875 301 2984 Vetuin’
321 2883 350 2929 te
368 2875 511 2945 quidquam
535 2875 572 2929 mi
589 2876 670 2931 hodie
688 2876 786 2934 falsum
804 2898 863 2952 pro·

173 2963 248 3014 oqur.
841 2953 880 3002 δὲ

87 3016 176 3085 synod
199 3016 327 3072 Vetuiatr'.
