1950 3300
305 151 519 208 CAPTEIVEI.
538 152 572 206 V.
589 152 616 206 4.
827 154 861 208 51

94 293 201 378 ΡΙιὶἰοο.Ι
321 295 512 367 Compedibus,
524 311 623 365 queso,
635 300 666 349 ut
674 295 723 350 tibi
732 296 769 350 sit
779 294 865 351 levior

58 439 150 502 Atque
163 366 328 507 iiiug'ravior
340 455 441 493 servos.

95 507 165 577 Heg.
306 510 418 564 Certum
430 515 474 563 est
485 505 647 580 principium
658 507 684 562 id
699 507 861 578 proevortier.

58 576 161 630 Eamus
182 576 259 643 intro,
287 587 317 633 ut
341 587 497 635 arcessatur
517 580 602 645 faber,
620 586 651 633 ut
670 581 737 635 istas
755 596 863 649 compe-

164 647 213 701 des
826 651 863 706 30

57 717 122 772 Tibi
135 719 256 787 adimam,
268 720 330 775 huic
344 720 414 775 dem.

96 788 162 842 Stal.
337 791 411 853 Quoi
423 792 513 862 peculi
525 791 590 846 nihil
603 797 655 860 est,
668 799 744 846 recte
754 789 864 847 feceris.

404 1005 518 1060 GREX.

60 1144 82 1199 S
101 1151 244 1208 eetatores,
258 1146 292 1200 ad
305 1147 416 1216 pudicos
428 1163 515 1200 mores
528 1145 600 1200 facta
611 1146 670 1200 haec
682 1144 774 1200 fabula
785 1151 837 1200 ost.

92 1232 161 1283 eque
175 1217 203 1270 in
216 1218 265 1270 hac
280 1217 494 1288 subigitationes
506 1224 576 1284 sunt,
589 1233 676 1286 neque
691 1216 745 1270 ulla
757 1216 864 1284 amatio,

61 1284 124 1339 Nec
137 1289 212 1355 pueri
225 1290 381 1357 suppositio,
394 1305 445 1341 nec
459 1289 565 1359 argenti
577 1287 772 1342 circumductio
785 1304 792 1339 :

62 1354 161 1425 Neque
182 1358 227 1413 ubi
246 1376 339 1413 amans
361 1358 521 1414 adolescens
543 1365 662 1414 scortum
678 1358 777 1413 liberet
793 1356 864 1411 clam

169 1436 273 1497 patrem
286 1448 372 1484 suum.
828 1428 865 1483 35

61 1496 224 1567 Hujusmodi
237 1517 337 1568 paucas
349 1507 434 1569 poetas
446 1499 586 1568 reperiunt
596 1500 751 1566 comoedias,

61 1567 117 1622 Ubi
129 1569 192 1623 boni
205 1571 331 1624 meliores
342 1572 416 1625 fiant.
451 1569 533 1624 Nunc
547 1587 602 1637 vos,
613 1570 637 1623 si
649 1570 724 1625 vobis
736 1569 835 1639 placet,

63 1637 99 1693 Et
122 1640 146 1692 si
169 1641 327 1710 placuimus,
347 1658 436 1710 noque
468 1640 529 1695 odio
553 1640 662 1706 fuimus,
681 1642 790 1713 siguum
810 1641 865 1696 boc

168 1712 280 1766 mittite:

63 1779 122 1841 Qui
133 1781 267 1851 pudicitia
281 1799 343 1838 esso
355 1781 434 1838 voltis
445 1783 591 1854 premium,
603 1783 726 1853 plausum
738 1781 810 1837 date.
833 1776 841 1791 ⁴
