1950 3300
323 110 539 168 currulvui.
554 111 591 167 11.
607 113 633 168 3.
846 111 880 167 21

75 253 155 308 Inter
166 268 210 306 me
222 257 302 320 atque
314 251 390 307 illum
402 258 433 307 ut
443 252 542 308 nostris
555 252 605 306 fiat
615 251 687 308 filiis.

114 321 218 377 Pudor.
227 322 574 390 utroquevorsumrectum
584 330 626 377 est
634 323 883 394 ingeniummeum‚

77 394 123 447 Ad
138 400 174 459 te,
186 393 273 462 adque
285 394 369 447 illum.
404 393 458 448 Pro
469 402 527 448 rota
540 411 583 448 me
596 396 634 448 uti
646 394 720 448 licet

76 463 134 518 ve]
146 481 201 533 ego
212 465 265 518 huc
277 464 321 518 vel
333 464 397 518 illuo
411 473 507 524 vortar,
519 482 572 532 quo
584 465 757 534 imperabitis.
848 465 882 520 10

114 534 186 606 Heg.
204 535 276 588 Tute
289 535 366 589 tibia
379 542 470 603 tuopte
492 536 604 605 ingenio
622 536 720 603 prodes
732 535 883 605 plurimum,

79 607 171 668 Quom
183 608 340 660 servitutem
353 607 391 659 ita
402 605 467 671 fers,
479 605 518 659 uti
530 606 595 660 ferri
607 606 696 660 decet.

78 677 212 743 Sequere.
248 677 321 730 Hem
333 676 382 731 tibi
393 677 537 730 hominem.
558 695 559 702 ¹

118 746 205 818 Μ.
594 746 714 801 Gratiam
726 747 815 801 habeo
826 745 884 815 tibi,

77 817 172 879 Quom
184 816 287 885 copiam
300 816 382 870 istum
391 816 427 870 mi
440 823 469 870 et
479 823 642 885 potestatem
655 817 731 883 sacis,

78 887 120 942 Ut
130 904 186 958 ego
198 887 231 940 ad
245 888 382 953 parenteia
394 887 465 941 huno
478 887 612 941 remittam
625 891 758 953 nuntium,
849 888 884 941 15

78 959 137 1020 Qui
150 975 202 1022 mo,
215 959 278 1026 quid
292 975 381 1011 rerum
395 957 437 1011 hic
451 960 562 1027 agitem,
575 960 679 1026 etquid
693 959 753 1013 fieri
764 959 854 1027 velim,

78 1028 155 1082 Patri
168 1046 228 1082 meo
240 1029 334 1082 ordine
346 1045 453 1083 omnem
466 1045 523 1082 rem
537 1029 600 1082 illuc
618 1029 744 1098 perferat

78 1097 163 1152 Nunc
176 1100 214 1152 ita
225 1099 352 1152 convenit
363 1099 434 1153 inter
446 1115 489 1152 me
503 1106 581 1167 atque
595 1100 676 1164 hunc,
692 1101 832 1170 Tyndare,

79 1169 121 1225 Ut
132 1176 160 1222 te
173 1177 343 1223 aestumatum
355 1170 383 1223 in
396 1169 505 1223 Alidem
518 1172 621 1223 mittam
634 1170 669 1223 ud
681 1178 804 1241 patrem3

79 1239 236 1364 ssostiuou
248 1240 348 1294 rebitas
360 1241 423 1308 huo,
435 1247 467 1295 ut
480 1240 576 1310 viginti
587 1241 674 1295 minas
849 1240 886 1296 20

109 1327 152 1363 em
185 1328 215 1365 ro
226 1317 264 1364 te.

115 1327 220 1435 Ptoios.
377 1379 468 1436 Reate
480 1382 641 1436 convenisse
655 1383 752 1436 sentio.

78 1451 154 1507 Nam
166 1458 243 1519 pater
254 1457 398 1520 exspectat
409 1460 457 1507 aut
468 1468 520 1520 me,
533 1452 706 1521 autaliquem
718 1453 851 1520 nuntium,

79 1522 140 1586 Qui
152 1523 215 1575 hinc
229 1522 263 1575 ad
276 1539 306 1577 se
319 1523 418 1577 veniat.

118 1593 206 1663 Tynd-
466 1592 541 1662 Ergo
553 1591 671 1647 animum
683 1591 806 1647 advortas
817 1592 886 1662 volo,

78 1664 153 1726 Qua
166 1663 291 1717 nuntiare
304 1661 366 1716 hino
379 1670 407 1717 te
419 1663 481 1718 volo
493 1665 520 1716 iu
532 1665 646 1733 patriam
659 1664 693 1717 ad
706 1671 817 1732 putrem.

116 1732 415 1858 Pm'uirhssmoes'
429 1744 459 1789 ut
475 1734 564 1789 adhue
581 1735 701 1790 locorum
714 1733 776 1802 feci,
788 1733 890 1859 1αοίαὲ

189 1821 219 1857 se
269 1821 294 1871 o,

79 1874 122 1930 Ut
133 1875 318 1945 potissumum,
330 1875 399 1943 quod
412 1876 441 1929 in
452 1893 511 1930 rem
523 1881 599 1930 recte
612 1874 749 1931 conducat
759 1882 843 1942 tuam,

79 1945 114 2001 Id
138 1944 289 2068 petam3bid
310 1962 510 2015 persequarque
533 1946 615 1999 oordo
641 1954 670 2001 et
692 1947 782 2002 animo
806 1955 888 2015 atque

188 2033 236 2070 vm
256 2033 297 2070 us.

119 2086 207 2160 iilud„
226 2085 307 2140 Facis
327 2086 375 2152 ita,
387 2094 457 2142 utta
473 2087 565 2142 facere
586 2094 700 2158 oportet.
736 2087 819 2142 Nunc
832 2086 889 2141 aui-

189 2174 261 2211 mum
274 2157 400 2212 advortas
412 2159 482 2213 volo.

81 2228 210 2283 Omnium
223 2228 335 2296 primum
349 2229 463 2282 salutem
476 2230 560 2283 dicito
573 2229 651 2283 matri
665 2235 693 2282 et
707 2228 784 2296 patri,

81 2299 118 2353 Et
130 2298 264 2369 cognatis,
278 2299 342 2352 etsi
354 2316 433 2367 quem
447 2301 528 2354 alium
548 2299 755 2354 benevolentem
772 2296 893 2352 videris:

80 2370 131 2424 Me
144 2370 189 2424 hio
202 2369 300 2436 valere,
310 2376 339 2424 et
347 2371 505 2425 servitutem
515 2371 617 2425 serviro
627 2370 690 2422 huic
699 2366 800 2422 homiui
812 2376 889 2492 optgi

191 2456 242 2504 mo,

81 2511 141 2574 Qui
153 2527 196 2565 me
206 2510 307 2562 honore
320 2509 503 2566 honestiorem
515 2528 624 2581 sempor
636 2510 710 2577 fecit,
723 2508 838 2563 etfacit

117 2581 222 2637 Pnuoc.
242 2581 316 2634 istuc
328 2597 363 2634 ne
376 2584 531 2652 praecipias:
551 2582 632 2636 facile
644 2582 773 2635 memoria
781 2580 890 2634 memini

190 2660 290 2705 tamen.

120 2723 210 2794 Tynd.
231 2721 302 2775 Nam
314 2724 431 2790 quidem,
444 2723 494 2776 uisi
507 2723 578 2790 quod
594 2721 736 2777 custodem
748 2721 843 2788 habeo,
858 2720 890 2775 li·

189 2793 283 2846 berum
295 2811 338 2847 ine
351 2810 413 2848 esse
426 2795 538 2848 arbitror

85 2863 178 2919 Dicito
186 2863 264 2933 patri,
277 2881 329 2933 quo
341 2872 420 2935 pacto
433 2864 498 2919 mihi
509 2881 570 2918 cunr
583 2864 634 2917 hoc
647 2862 807 2918 convenerit
855 2863 891 2918 35

82 2935 127 2990 Do
142 2934 222 2989 hu'us
235 2934 299 2989 filio.

115 3004 176 3058 Ph‘
197 3023 217 3059 ⁶·
302 3006 375 3070 Quo
388 3007 513 3080 memini,
526 3026 608 3066 mora
616 3024 701 3066 mora
707 3011 759 3062 est
765 3001 925 3058 mousuex·
