1950 3300
305 364 625 430 PROLOGUS.

62 539 128 595 Hcs
141 558 208 610 quos
219 539 317 596 videtis
328 548 402 595 stare
414 540 458 594 hic
471 539 608 609 capteivos
621 539 696 606 duos,

62 610 107 665 Illi
119 611 164 680 qui
176 612 292 679 adstant,
304 612 331 667 hi
343 619 417 666 stant
429 612 515 678 ambo,
527 627 582 664 non
594 611 715 664 sedent*

63 681 122 735 Vos
134 699 181 737 vos
193 682 257 736 mihi
269 691 356 737 testes
369 685 444 747 estis,
456 699 499 736 me
511 698 605 736 verum
616 681 696 750 loqui.

63 754 166 821 Senex,
178 756 223 824 qui
235 754 279 808 hic
291 754 403 821 habitat,
414 752 516 824 Hegio,
528 760 572 806 est
582 753 662 822 hujus
673 759 760 821 pater.

62 824 129 891 Sed,
138 825 162 879 is
173 843 226 893 quo
238 834 317 893 pacto
331 827 429 879 serviat
440 841 490 878 suo
499 823 551 877 sibi
562 824 639 893 patri,
849 827 867 880 5

61 893 95 947 Id
106 911 162 966 ego
173 895 217 949 hic
231 894 301 965 apud
312 913 360 949 vos
372 896 521 964 proloquar,
533 895 556 948 ei
568 911 679 964 operam
692 894 769 950 datis.

62 964 131 1020 Seni
141 966 204 1020 huic
217 967 327 1020 fuerunt
337 966 385 1022 filii
398 965 454 1020 nati
466 965 535 1020 duo:

62 1036 189 1090 Alterum
201 1037 367 1106 quadrimum
386 1054 497 1106 puerum
510 1053 603 1090 servos
615 1038 726 1106 surpuit,

61 1105 195 1176 Eumque,
206 1107 268 1162 hinc
282 1107 359 1178 profu
380 1108 448 1174 iens,
460 1107 582 1161 vendidit
594 1106 622 1160 in
635 1107 716 1161 Alide

61 1177 186 1248 Hujusce
199 1179 283 1248 patri:
296 1180 353 1260 jam
361 1127 417 1231 lioc
430 1177 551 1232 tenetis?
586 1177 732 1246 Optumum
745 1185 794 1232 est
832 1178 866 1232 10

61 1247 167 1319 Negat,
179 1250 281 1314 hercle,
294 1250 340 1303 illc
352 1248 467 1302 ultimus.
504 1248 654 1303 Accedito!

61 1318 93 1372 Si
106 1335 168 1386 non,
180 1321 225 1373 ubi
238 1319 345 1385 sedeas,
356 1320 433 1373 locus
445 1325 496 1384 cst,
508 1329 559 1384 est,
572 1319 617 1372 ubi
630 1319 758 1386 ambules,

60 1389 181 1450 Quando
192 1389 351 1444 histrionem
360 1391 439 1460 cogis
450 1389 638 1444 mendicarier.

61 1459 125 1530 Ego
137 1477 188 1527 me,
200 1468 247 1515 tua
258 1477 349 1527 causa,
361 1477 395 1515 ne
408 1477 492 1526 erres,
504 1477 559 1513 non
570 1467 695 1528 rupturus
708 1478 776 1515 sum.

60 1528 129 1596 Vos,
141 1531 186 1600 qui
188 1531 310 1602 potestis
322 1549 373 1601 ope
385 1538 476 1584 vostra
487 1530 632 1597 censerier,
833 1531 867 1585 15

61 1601 189 1670 Accipite
203 1601 348 1670 reliquom:
368 1603 456 1656 alieno
469 1601 508 1654 uti
522 1600 587 1654 nihil
600 1619 695 1655 moror.

62 1670 205 1742 Fugitivos
217 1672 272 1740 ille,
284 1680 314 1727 ut
326 1674 446 1727 dixeram
460 1679 532 1736 ante,
544 1671 624 1740 hujus
635 1672 712 1741 patri,

61 1741 151 1795 Domo
163 1761 241 1811 quem
254 1744 413 1815 profugiens
426 1741 561 1796 dominum
571 1744 728 1808 abstulerat,
737 1741 865 1796 vendidit.

60 1813 125 1879 Hic,
137 1822 276 1882 postquam
288 1815 360 1869 hunt
374 1813 446 1880 emit,
458 1812 534 1866 dedit
545 1829 608 1867 eum
619 1815 683 1868 huic
696 1822 778 1884 gnato
791 1830 840 1867 suo

59 1883 239 1951 Peculiarem,
251 1884 313 1954 quia
325 1885 401 1954 quasi
415 1901 467 1938 una
479 1891 545 1936 aetas
553 1892 619 1938 erat.
829 1883 866 1938 20

59 1953 117 2008 Hic
129 1972 200 2009 nuuc
214 1955 285 2010 domi
297 1955 380 2009 servit
391 1972 441 2009 suo
452 1955 539 2023 patri3
558 1972 608 2009 nec
621 1955 674 2008 scit
685 1961 770 2023 puter.

60 2022 205 2079 Enimvero
219 2026 264 2080 Dii
275 2044 333 2093 nos,
345 2026 421 2095 quasi
434 2024 510 2094 pilas,
522 2025 646 2079 homines
658 2026 768 2079 habent.

59 2093 207 2150 Rationem
218 2096 333 2164 habetis,
344 2095 476 2165 quomodo
489 2113 570 2149 unum
583 2095 711 2150 amiserit.

59 2164 207 2234 Postquam
218 2167 382 2238 belligerant
395 2165 479 2220 AEtoli
490 2183 552 2220 cum
565 2166 644 2234 Aliis,

60 2235 101 2290 Ut
113 2237 143 2291 fit
154 2237 182 2291 iu
195 2237 274 2304 bello,
286 2239 391 2306 capitur
401 2237 471 2292 alter
483 2237 571 2290 lilius:
828 2234 864 2290 25

59 2307 187 2363 Medicus
200 2308 365 2363 Menarchus
378 2307 444 2362 emit
454 2307 554 2361 ibidem
565 2307 592 2361 in
606 2306 696 2361 Alide.

58 2377 150 2447 Coepit
161 2380 299 2447 capteivos
310 2377 487 2433 commercari
498 2377 543 2432 hic
557 2378 642 2444 Alios,

59 2448 91 2502 Si
104 2466 184 2516 quem
195 2449 315 2518 reperire
328 2457 427 2518 posset,
440 2466 492 2518 quo
503 2455 591 2502 mutet
602 2466 680 2503 suum

58 2518 140 2573 illum
160 2521 319 2588 capteivom.
363 2521 445 2575 Hunc
458 2536 537 2573 suum
550 2536 611 2575 esse
632 2519 729 2585 nescit,
750 2519 795 2588 qui
817 2511 864 2573 doss

165 2591 200 2644 mi
213 2597 264 2644 est.

59 2659 104 2727 Et,
117 2661 241 2728 quoniam
253 2660 311 2714 heri
323 2660 387 2714 inde
400 2659 510 2726 audivit,
522 2659 555 2714 de
568 2677 673 2714 summo
685 2660 747 2713 loco
829 2659 865 2712 30

59 2730 223 2798 Summoque
237 2747 339 2802 genere
352 2739 460 2800 captum
473 2747 535 2784 esse
548 2730 666 2798 equitem
677 2730 778 2797 Alium,

59 2800 108 2853 Nil
120 2803 206 2871 pretio
218 2802 309 2871 parsit,
321 2802 377 2855 filio
389 2801 453 2856 dum
464 2807 611 2872 parceretr

57 2871 248 2927 Reconciliare
262 2880 293 2928 ut
304 2872 413 2930 facilius
426 2881 528 2946 posset
539 2873 666 2939 domum,

49 2941 128 2994 Emit
138 2943 225 2998 bosce
237 2944 274 3000 de
287 2947 386 3019 preda
398 2949 502 3006 ambos
515 2947 554 3004 de
567 2939 780 3020 quantocitius-
