1950 3300
253 170 256 175 -
307 130 521 189 cuuumvul.
540 130 576 187 Π.
595 132 618 186 1.
809 180 812 188 s
832 133 866 188 13

55 270 197 341 Numquid
208 272 269 328 vis?
364 279 366 289 '

92 342 165 414 Heg.
304 343 542 415 veniestempori.

91 414 164 485 Erg.
568 413 718 468 Memorem
731 431 834 469 mones.

94 484 165 554 Heg.
183 485 232 538 ibo
243 485 321 548 intro,
334 491 414 553 atque
427 486 499 538 intus
511 485 657 538 subducam
677 486 863 554 ratiunculam,

54 553 229 614 Quantilium
243 557 350 625 argenti
369 555 431 609 mihi
444 556 514 625 apud
526 555 683 627 trapezitam
696 556 757 611 siet.

56 624 103 678 Ad
116 624 234 695 fratrem,
246 644 298 697 quo
310 627 349 682 ire
362 626 491 694 dixeram,
502 644 565 681 mox
576 628 659 681 ivero.
829 628 864 684 85

217 836 375 892 ACTUS
401 835 452 891 II.
496 835 658 891 scENA
682 835 711 892 1.

157 974 296 1032 Louuarr‘.
331 978 554 1032 Puruocuuuus.
590 975 764 1030 Trununus.

92 1116 160 1172 laur.
178 1117 209 1171 Si
221 1116 270 1172 Dii
282 1116 446 1173 immortales
458 1117 486 1172 id
496 1117 616 1185 voluere,
634 1134 683 1172 vos
703 1117 774 1172 hano
794 1134 863 1172 oeru-

166 1205 257 1241 mnam
270 1190 392 1258 exsequi,

57 1257 155 1315 Decet
165 1258 199 1382 gd
217 1261 272 1328 pati
292 1262 381 1315 animo
399 1275 492 1328 aequo:
511 1260 535 1314 ei
553 1259 582 1314 id
599 1257 715 1326 facietis,
726 1259 813 1314 levior
824 1259 864 1314 la·
912 1261 914 1266 ’

184 1346 214 1382 os
226 1331 286 1384 erit,
352 1369 361 1386 a
439 1354 444 1361 ·

58 1400 141 1453 Domi
154 1399 253 1466 fuistis,
267 1398 358 1467 oredo,
370 1399 466 1454 liberi:

59 1469 144 1525 Nunc
164 1470 279 1568 servitus
297 1472 321 1524 si
340 1471 439 1538 evenit,
452 1469 479 1525 ei
494 1488 542 1527 vos
561 1471 723 1543 morigerari
740 1488 799 1526 moe
816 1470 864 1524 bo-

166 1550 246 1608 nust,
438 1578 441 1587 ι

59 1610 186 1735 Ειιωᾳυὲ
206 1611 285 1666 herili
306 1611 420 1682 imperio
439 1610 557 1683 ingeniis
578 1612 675 1667 vostris
692 1611 785 1665 lenem
802 1609 866 1735 red&

186 1699 242 1736 ere.

56 1751 176 1820 Indigna
188 1751 271 1824 digna
282 1751 408 1808 habenda
419 1759 491 1820 suut,
501 1752 583 1808 herus
595 1770 654 1823 que
667 1753 741 1808 facit.
849 1779 852 1783 ·

96 1821 200 1877 Philoa.
710 1824 754 1879 Oh
766 1821 801 1877 oh
813 1821 864 1877 oh!

95 1893 162 1948 Lar.
190 1893 342 1974 Ejulatione
367 1892 440 1949 haud
460 1895 561 1965 opu’st:
580 1896 666 1951 oculis
684 1896 795 1950 multum
815 1895 865 1950 mi·

168 1979 266 2018 serram
279 1963 384 2019 additis.

10 2030 15 2057 '
58 2032 93 2087 In
105 2048 136 2086 re
149 2034 220 2087 mala
232 2035 356 2090 animosi
368 2037 438 2090 bono
450 2043 537 2104 utare,
550 2036 666 2107 adjuvat,
738 2102 740 2108 ⁴

96 2102 202 2159 Pddoc.
220 2113 260 2160 At
271 2123 321 2160 noe
333 2108 425 2177 pudet,
437 2107 500 2174 quia
511 2125 573 2162 cum
585 2108 690 2161 catenis
702 2123 803 2162 sumus.

96 2173 162 2228 Lor.
619 2180 657 2232 At
667 2180 762 2249 pigeat
772 2182 868 2248 postea

58 2242 193 2300 Nostrum
205 2245 308 2312 herum,
321 2246 403 2301 sivos
415 2247 517 2302 eximat
533 2247 657 2316 vinculis,
833 2247 867 2300 1⁰

58 2318 119 2371 Aut
129 2314 234 2370 soluuoe
246 2317 324 2384 sinat,
336 2333 403 2387 quoe
414 2326 531 2388 urgento
544 2319 648 2372 emerit.

93 2386 200 2441 Philae.
219 2387 294 2450 Quid
308 2405 326 2441 u
336 2390 415 2443 nobis
424 2390 539 2443 metuit?
557 2390 657 2443 scimus
669 2405 728 2455 nou,

58 2456 193 2512 Nostrum
205 2459 322 2513 officium
333 2459 405 2528 quod
417 2465 470 2526 eet,
481 2459 504 2513 si
515 2459 617 2514 solutos
630 2460 708 2514 sinat.

95 2529 162 2584 Lor.
182 2531 221 2584 At
233 2528 327 2600 fugam
339 2529 450 2602 fingitis.
487 2532 581 2585 Sentio
594 2548 673 2600 quam
684 2547 743 2585 rem
755 2529 847 2602 agitis.

93 2599 200 2654 Pauor.
218 2599 278 2654 Noe
290 2600 446 2671 fugiamus?
464 2618 517 2670 quo
528 2601 686 2673 fugiamus?

95 2669 162 2724 Lar.
303 2671 470 2742 lupatrium.

94 2739 200 2794 Philoo.
411 2745 525 2815 Apage!
538 2742 611 2798 houd
620 2760 670 2798 nos
679 2743 707 2799 id
717 2741 816 2798 deceat
833 2739 868 2794 15

61 2809 104 2866 Fu
128 2813 206 2866 itivos
217 2810 324 2868 imitari.

404 2883 498 2952 Immo,
518 2883 625 2956 edepol,
638 2885 664 2941 ei
681 2884 736 2940 erit
751 2881 875 2947 oeeasio,

435 2954 512 3012 haud
523 2956 669 3014 dehortor.

88 3021 192 3078 Peroe.
212 3023 304 3082 Unum
316 3041 438 3157 epotare
449 3047 504 3090 voe
515 3030 605 3090 sinite
616 3047 684 3089 uos.
