1950 3300
328 124 542 182 CAPTEIVEI.
560 125 611 181 111.
627 125 654 180 4.
859 126 896 182 29

123 270 194 351 Heg.
528 266 606 322 Ultro
617 266 698 320 istum
712 266 799 320 ame!

122 341 205 394 ulmal.
678 337 758 401 Ai’n’,
769 336 892 405 verbero,

85 412 135 465 Me
148 408 305 465 rabiosum?
329 415 408 475 atque
431 407 594 462 insectatum
617 423 678 460 essa
699 407 784 461 hastis
801 425 892 461 meum

192 496 325 533 memoras
337 479 460 548 patrem?
856 479 892 532 20

84 553 123 607 Et
138 569 202 607 eum
219 550 345 660 morbum2
358 550 423 603 mihi
442 566 513 615 esse,
534 556 565 603 ut
585 549 632 618 qui
649 567 693 603 me
711 566 778 619 opus
796 548 832 602 sit
849 547 890 602 in-

190 623 339 690 sputarier.
424 658 430 678 ,

122 693 192 763 Heg.
212 692 256 746 Ne
268 707 381 747 verere:
399 689 497 743 multos
509 691 561 744 iste
574 691 681 745 morbus
693 689 816 744 homiues
834 707 890 744 ma-

191 770 276 829 cerat,

83 834 194 896 Quibus
207 832 336 903 insputan'
348 831 429 886 saluti
445 830 503 885 suit.

123 905 211 976 Qud.
537 904 628 970 Atque
644 901 738 974 [Aliis]
752 900 860 968 profuit.

120 974 206 1028 struat.
224 973 300 1036 Quid
311 980 341 1027 tu
353 980 452 1039 autem,
465 973 547 1026 etiam
558 973 621 1026 huic
634 974 723 1026 credis
736 1011 743 1025 .
755 1009 762 1024 .
776 1009 783 1023 .

120 1046 192 1127 Heg.
458 1044 534 1105 Quid
548 1061 601 1114 ego
613 1045 724 1097 credam
737 1041 819 1095 huic?

118 1117 202 1170 Anat.
608 1114 735 1167 Insanum
750 1129 812 1165 esse
825 1113 889 1166 me?

122 1186 211 1258 ward.
238 1184 346 1238 Vide'n’
370 1191 399 1238 tu
421 1184 502 1250 hunc,
527 1200 605 1252 quam
630 1185 738 1239 inimico
756 1182 830 1237 voltu
848 1184 888 1236 in-

189 1258 299 1310 tuetur?
311 1255 426 1309 concedi
439 1263 576 1322 optumum
587 1263 637 1308 est.
853 1254 888 1306 25

82 1328 186 1400 Hegio,
206 1328 245 1450 ῗῖ,
257 1327 329 1395 quod
348 1326 396 1379 tibi
417 1342 471 1396 ego
492 1326 564 1378 dixi:
583 1325 676 1396 gliscit
696 1324 801 1379 rabies:
820 1340 887 1378 cave

188 1398 245 1451 tii.

119 1469 189 1539 Heg.
209 1466 321 1521 Credidi
334 1481 396 1519 esee
408 1466 532 1519 insanum
541 1466 685 1536 extemplo,
698 1467 744 1521 ubi
756 1475 784 1522 te
797 1463 888 1534 appel·

188 1539 254 1592 lavit
265 1536 428 1606 Tyndarum.

119 1610 209 1681 synd.
228 1609 305 1670 Quin
326 1623 403 1660 suum
422 1607 480 1675 ipse
499 1606 633 1661 interdum
651 1607 759 1677 ignorat
780 1620 886 1671 nomen,

189 1695 277 1748 neque
290 1679 343 1731 scit
354 1679 398 1745 qui
411 1677 470 1730 siet„

118 1750 188 1820 Heg.
208 1752 247 1803 At
259 1749 341 1802 etiam
352 1756 380 1802 te
393 1763 472 1801 suum
484 1747 604 1802 sodalem
617 1763 678 1801 esse
692 1746 789 1800 alebar„

200 1859 207 1872 .
628 1817 711 1872 Haud
723 1817 777 1872 vidi
790 1818 885 1887 magis.

80 1891 118 1946 Et
136 1891 246 1959 quidem
272 1890 402 1955 Alcmeo,
430 1895 511 1956 atque
535 1888 658 1956 OresteS,
685 1895 714 1943 et
739 1888 885 1960 Lycurgus

186 1968 289 2030 postea,

79 2031 144 2088 Una
155 2048 239 2100 opera
249 2031 313 2085 mihi
326 2037 390 2085 aunt
401 2029 516 2097 sodales,
528 2047 582 2098 qua
593 2030 654 2083 iste.

113 2101 198 2156 Anat.
282 2126 287 2133 ·
610 2103 649 2154 At
661 2101 751 2169 etiam,
763 2099 884 2168 furcifer,

78 2171 155 2226 Male
167 2172 234 2226 mihi
244 2171 317 2241 loqui
329 2171 435 2226 audes?
453 2189 507 2225 non
519 2188 574 2242 ego
586 2178 614 2225 te
627 2171 708 2224 novi?

114 2243 185 2314 Heg.
485 2242 541 2308 Pol,
553 2242 663 2311 planum
674 2241 700 2293 id
714 2242 824 2309 quidem
841 2248 885 2295 est

77 2312 144 2368 Non
156 2313 271 2436 nrivissa
284 2313 329 2380 qui
346 2313 435 2366 istunc
457 2312 577 2382 appelles
589 2311 748 2381 Tyndarum
759 2328 808 2381 pro
819 2310 883 2365 Phi·

194 2389 293 2436 nomae.

76 2453 171 2516 Quem
184 2453 268 2576 ulgea
280 2471 343 2507 eum
354 2454 479 2524 ignoras:
494 2453 569 2507 illum
587 2452 718 2519 nominas,
730 2470 811 2520 quem
827 2470 883 2507 nou

184 2541 209 2578 vr
230 2540 269 2576 es.

111 2593 195 2648 Arist.
213 2594 306 2661 Immo,
319 2595 370 2648 iste
391 2611 454 2648 eum
475 2610 537 2648 sese
558 2595 603 2662 uit,
617 2595 727 2664 quinon
740 2602 791 2663 est,
802 2611 882 2648 esse:

183 2671 220 2730 et,
232 2666 277 2732 qui
293 2683 358 2720 vero
370 2674 420 2730 est,
432 2672 525 2735 negat.

115 2734 203 2807 Tynd.
224 2734 267 2788 Tu
281 2736 353 2789 enim
371 2744 504 2805 repertus,
516 2735 699 2791 Philocratem
710 2735 756 2805 qul
767 2750 881 2803 superea

182 2804 346 2859 veriverbio!

110 2875 194 2930 Arar.
221 2876 278 2943 Pol,
302 2894 357 2948 ego
376 2883 480 2930 utrem
497 2877 585 2944 video,
610 2884 640 2932 tu
664 2877 798 2945 inventus,
814 2893 882 2932 vera

180 2946 336 3004 vanitudine

355 3022 391 3080 3*
