1950 3300
308 113 521 171 cnpufflvul.
541 114 563 169 1.
580 115 606 170 2
828 118 861 172 ll

53 257 194 323 Maoesoo,
206 270 384 324 consenesco,
396 263 425 311 et
435 256 548 311 tabesco
559 256 649 311 miser.
824 259 862 314 25

54 327 128 381 Ossa
139 333 220 394 atque
232 325 311 396 pellis
322 343 383 381 sum
397 325 518 398 [misera]
532 325 721 382 maoritudine.

54 397 154 466 Neque
166 413 284 466 unquam
301 397 446 467 quidquam
457 415 500 453 me
514 401 601 471 juvat,
613 397 685 467 quod
697 398 749 452 edo
760 399 849 455 domi:

54 467 134 522 Foris
146 467 340 536 aliquantillum
352 469 435 523 etiam
446 469 517 538 quod
530 477 620 540 gusto,
633 468 660 522 id
672 469 745 523 beat

90 538 163 609 Heg.
176 538 310 609 Ergone,
322 539 407 594 salve.

89 609 162 680 Erg.
446 608 493 664 Dii
504 617 533 664 te
544 609 616 664 bene
629 616 729 678 ament,
740 609 845 683 Hegio.

91 679 164 750 Heg.
177 677 222 732 Ne
236 677 281 733 fle.

90 751 163 821 Erg.
324 749 422 821 Egone
434 749 510 805 illum
521 767 576 806 non
588 751 690 805 fleam?
708 746 797 823 egone
810 769 865 806 non

373 820 491 876 defleam
828 823 865 879 30

56 891 156 946 Talem
168 890 392 945 adolescentem?

92 963 164 1033 Heg.
462 963 578 1031 Semper
589 963 671 1030 sensi,
683 963 741 1018 filio

56 1034 124 1089 Meo
136 1041 165 1087 te
179 1047 240 1087 esse
254 1031 376 1100 amicum,
388 1040 418 1088 et
429 1033 504 1087 illum
515 1033 639 1087 intellexi
650 1034 707 1088 tibi.

91 1105 179 1227 Erg.b
189 1104 263 1157 Tum
289 1104 408 1174 denique
427 1104 552 1158 homines
575 1111 669 1158 nostra
688 1103 867 1177 intelligimus

181 1189 240 1240 ona,

57 1246 230 1313 Quomque
242 1242 272 1298 in
282 1250 418 1313 potestate
430 1242 581 1312 habuimus,
593 1261 628 1300 ea
636 1245 783 1301 amisimus.

58 1317 129 1387 Ego,
141 1322 281 1384 postquam
292 1322 393 1386 gnatus
404 1323 468 1370 tuus
478 1315 599 1384 potitu’st
610 1316 736 1384 hostium,
830 1317 866 1373 35

57 1387 205 1456 Expertus,
217 1387 309 1453 quanti
321 1385 412 1454 fuerit,
424 1401 497 1440 nuno
509 1385 642 1441 desidero.

94 1457 181 1580 Hegaf
193 1455 309 1510 Alienus
326 1473 407 1526 quom
424 1458 483 1528 ejus
501 1456 698 1512 incommodum
718 1464 774 1512 tam
791 1473 866 1530 egre

176 1543 246 1594 eras,
817 1543 821 1551 ’

58 1596 138 1660 Quid
149 1614 193 1652 me
204 1603 309 1666 patrem
320 1613 369 1666 par
379 1595 472 1650 facere
485 1603 537 1658 est,
549 1598 611 1665 quoi
623 1597 669 1652 ille
682 1605 726 1652 est
737 1599 856 1653 unicus?

95 1669 167 1739 Erg.
185 1667 301 1722 Alienus
312 1666 389 1737 ego?
407 1665 513 1722 alienus
524 1667 593 1723 ille?
611 1668 654 1735 ha,
666 1668 775 1738 Hegio!
831 1669 869 1725 39

59 1739 209 1807 Nunquam
220 1738 291 1792 istuc
305 1736 384 1804 dixis,
396 1753 485 1807 neque
498 1739 616 1794 animum
628 1739 736 1793 induxis
747 1746 832 1794 tuum.

58 1810 125 1866 Tibi
138 1808 184 1863 ille
196 1807 332 1875 unicu'st3
348 1807 423 1874 mihi,
435 1809 518 1862 etiam
528 1808 610 1863 unico
621 1808 709 1881 magis
722 1811 826 1865 unicus.

95 1879 168 1951 Heg.
185 1878 289 1946 Laudo,
300 1878 400 1933 malum
412 1895 492 1947 quom
500 1879 581 1935 amici
589 1889 666 1935 tuum
674 1881 752 1936 ducis
760 1881 868 1937 muluna

59 1949 340 2008 Nunohabebonum
351 1947 477 2004 animum.
715 1968 718 1976 ’

93 2022 168 2094 urg.
518 2019 613 2076 Eheu!

95 2091 169 2164 Heg.
625 2089 700 2146 Huio
709 2092 776 2148 illud
787 2092 870 2164 dolet,

59 2163 138 2228 Quia
149 2177 221 2217 nuno
239 2160 368 2216 remissus
380 2167 425 2216 est
435 2158 536 2216 edendi
547 2161 694 2218 exercitus.

59 2233 212 2292 Nullumne
223 2232 331 2288 interea
341 2232 457 2299 naotu’s,
467 2232 513 2300 qui
523 2239 617 2302 posset
627 2231 677 2286 tibi
834 2235 870 2293 45

58 2304 229 2371 Remissum,
239 2320 320 2373 quem
332 2301 417 2368 duxti,
428 2303 561 2372 imperare
574 2304 745 2359 exereitum?

95 2376 168 2448 Erg.
186 2373 263 2435 Quid
275 2373 382 2429 aredis?
394 2372 513 2445 fugitant
518 2389 613 2428 omnes
621 2372 690 2427 hano
698 2374 869 2446 provinciam,

58 2446 139 2512 Quoi
150 2444 206 2500 obti
225 2451 293 2512 erat,
304 2451 445 2515 postquam
456 2443 573 2514 captu'st
584 2442 786 2515 Philopolemus
797 2453 869 2503 tuus.

95 2517 191 2599 fleg..
219 2531 263 2598 on,
278 2514 331 2586 pol,
351 2513 503 2570 mirandum
520 2520 573 2582 est,
589 2513 707 2586 fugitare
726 2516 796 2572 hauc
809 2535 870 2588 pro·

166 2603 291 2642 vinciam.

59 2657 159 2716 Multis
172 2663 202 2712 et
212 2655 437 2727 multigeneribus
449 2673 516 2727 opus
528 2663 572 2712 est
582 2656 632 2711 tibi
834 2660 871 2714 50

59 2729 205 2787 Militibus.
240 2727 361 2782 Primum
373 2727 436 2782 dum
447 2745 514 2798 opus
526 2735 570 2782 est
581 2727 805 2782 Pistoriensibus:
829 2787 832 2800 Ι

60 2801 164 2856 uorum
176 2803 239 2853 sunt
251 2814 357 2879 genera
368 2798 470 2868 aliquot
481 2797 695 2853 Pistoriensium.

60 2872 141 2941 Opus
153 2867 289 2934 Punicam,
301 2885 369 2938 opus
380 2868 548 2924 Placentinis
560 2885 674 2937 quoque,

60 2942 140 3011 Opus
153 2938 328 3007 Turdetanis,
340 2955 406 3009 opus
419 2946 463 2995 est
474 2939 724 2995 Ficedulensibusa

59 3012 123 3069 Jam
131 3008 266 3069 maritumi
276 3028 373 3068 omnes
384 3012 490 3072 milites
502 3031 575 3088 opus
587 3018 657 3070 sunt
665 3009 731 3067 t’lni.
858 3007 905 3060 ’ὦ
